1664 3016
653 114 776 157 vm.
835 119 930 161 140.
1445 124 1526 166 337

73 225 272 266 Atticam
287 224 370 267 hoc
387 226 499 268 libro
530 228 721 281 respicit,-
758 238 915 270 certum
945 240 1020 274 est.
1080 230 1165 271 Adi
1192 229 1524 272 eruditissimum

76 283 298 335 sigonium
314 284 411 327 libr.
437 301 490 327 1-1.
518 284 568 325 de
586 287 692 339 Rep.
713 287 865 329 Athen.
892 301 980 340 cap.
1000 288 1040 330 4.
1060 287 1136 327 ubi
1159 298 1202 328 et
1216 287 1267 328 de
1289 288 1384 328 aliis
1407 303 1525 341 prae-

73 339 195 380 miis:
227 340 348 379 cuius
366 350 415 380 ut
433 351 475 381 et
493 342 575 380 alia
599 342 801 396 quaedam
825 357 929 397 quae
953 346 997 383 in
1030 344 1113 385 hoc
1140 344 1251 384 libro
1281 345 1524 384 illustravi-

71 409 188 446 mus,
229 395 394 436 indicio
426 407 644 451 acceptum
677 399 848 439 ferimus
877 410 920 440 et
948 400 1062 440 hunc
1089 403 1253 441 locum:
1291 414 1378 440 nou
1409 400 1521 442 enim

72 451 232 507 ingrati
255 467 345 493 esse
365 453 608 504 didicimus,
640 464 688 494 ut
709 456 892 495 nolimus
912 458 1069 498 referre
1090 471 1165 510 per
1189 471 1312 511 quem
1332 457 1522 510 profece-

71 508 216 559 rimus,
249 509 514 565 fatemurque
539 510 737 566 ingenue,
771 513 891 552 illum
915 512 1118 567 quaedam
1139 516 1233 554 loca
1250 513 1376 553 nobis
1397 527 1522 567 quae·

70 565 278 617 rentibus,
310 566 407 605 dum
430 567 756 620 suspicaremur,
797 583 891 609 eum
923 570 1033 610 idem
1061 579 1272 617 tractasse,
1303 570 1404 610 licet
1423 569 1520 609 Pol.

69 623 200 661 lucem
233 632 423 663 nostrum
461 638 550 663 non
586 624 744 679 ubique
776 626 931 681 legisse
965 625 1154 678 videtur,
1203 625 1519 679 demonstrasse,

71 678 226 734 quibus
250 679 296 718 in
328 679 435 733 ipsis
462 681 703 720 auctoribus
735 683 1007 736 perquisitis,
1047 693 1090 724 et
1125 685 1244 736 plura
1278 682 1518 722 invenimus

70 736 169 786 alia,
207 735 358 792 quibus
383 751 471 777 non
492 751 596 778 vane
618 738 791 792 gloriari
815 753 1038 792 possumus
1058 740 1273 779 Pollucem
1298 738 1381 778 hoc
1407 737 1518 778 libro

69 791 253 832 infinitis
271 794 379 833 locis
400 808 480 848 qua
501 808 667 835 sanasse
691 809 882 850 aegrum,
924 810 1004 850 qua
1027 793 1260 850 expoliisse
1281 794 1518 835 sordidum:

68 848 185 888 huuc
204 851 344 889 locum
372 850 424 890 de
445 850 606 905 ἀτελείᾳ
626 850 798 906 inquam
823 866 879 893 ex
903 853 1019 892 Isaeo
1034 853 1126 907 περὶ
1146 853 1219 895 τοῦ
1229 851 1518 905 Δικαιογένους

68 903 233 959 κλήρου,
264 907 317 946 ad
344 907 481 961 ipsum
513 907 656 948 finem:
686 907 760 961 τήν
787 911 829 952 ἒν
861 912 1087 963 πρυτανείῳ
1122 911 1288 960 σίτησιν,
1319 923 1518 962 καταφρο·

69 960 196 1014 νήσας
226 965 269 1006 δὲ
303 965 528 1018 προεδριῶν
561 967 631 1007 καῖ
657 960 856 1016 dumah,
888 964 917 1006 ἃ
940 968 1022 1015 τοῖς
1041 966 1082 1017 ἐξ
1097 968 1257 1008 ἐκείνων
1281 963 1518 1019 (Ἁρμοδίου

67 1023 139 1063 καὶ
159 1019 522 1076 Ἀριστογείτονος)
547 1019 727 1076 γεγονόσι
755 1023 946 1065 δέδοκται.
1005 1023 1109 1061 Erat
1137 1031 1275 1061 autem
1308 1020 1410 1061 haec
1441 1033 1516 1073 po·

68 1077 280 1117 tissimum
300 1078 465 1118 vacatio
489 1093 510 1118 a
532 1078 720 1133 liturgiis
748 1089 790 1118 et
815 1078 1059 1119 muneribus
1087 1077 1270 1132 publicis
1298 1075 1516 1117 obeundis.

67 1133 181 1175 Vide
202 1144 244 1174 et
265 1137 385 1189 plura
406 1135 518 1189 apud
553 1135 866 1174 Demosthenem
891 1135 992 1190 πρὸς
1020 1136 1251 1184 Λεπτίνην,
1291 1146 1403 1186 quae
1428 1141 1517 1171 tota

69 1201 133 1231 est
154 1194 246 1247 περὶ
276 1191 455 1239 α’τελειάς
485 1200 629 1230 contra
653 1193 892 1244 Leptinem,
931 1193 1004 1246 qui
1036 1190 1089 1231 ob
1120 1191 1280 1231 crebras
1308 1189 1407 1228 istas
1441 1187 1517 1226 im-

66 1248 325 1288 munitaturn
345 1246 596 1288 donationes
618 1248 789 1301 scripsit
814 1251 962 1303 legem,
1004 1246 1053 1287 de
1084 1261 1166 1301 qua
1187 1245 1399 1285 Demostlz.
1433 1253 1515 1283 sta·

69 1305 146 1345 tim
177 1304 331 1346 initiet
368 1306 411 1348 ἐν
442 1307 516 1360 μὲν
548 1303 622 1360 γάρ
649 1305 706 1360 τῷ
731 1302 891 1360 γράψαι
916 1305 1069 1358 μηδένα
1098 1302 1206 1346 εἶναι
1241 1295 1382 1352 vitel-51⁸,
1422 1296 1516 1349 τούς

66 1362 232 1418 ἔχοντας
247 1360 434 1414 ἀφείλετο
451 1360 524 1412 τήν
551 1359 753 1404 α’τέλειαν·
783 1364 826 1405 ἐν
858 1362 901 1404 δὲ
932 1365 993 1417 τῷ
1024 1354 1300 1416 προσγράψαι,
1339 1358 1438 1411 μηδὲ
1468 1353 1516 1399 w=

68 1417 207 1463 λοιπόν
239 1421 381 1470 ἐξεῖναι
412 1416 550 1462 δοῦναι
579 1418 678 1471 ὑμᾶς
705 1415 751 1460 to*
788 1420 938 1461 δοῦναι.
1008 1418 1066 1456 Et
1095 1418 1236 1456 eadem
1267 1415 1327 1455 ait
1358 1413 1514 1479 Orator

70 1476 186 1530 quod
216 1475 328 1530 apud
357 1474 638 1515 Athenienses
667 1472 856 1528 duplices
885 1476 973 1514 sint
997 1474 1258 1527 λειτουργίαι,
1300 1475 1348 1513 αἵ
1370 1484 1413 1511 τε
1434 1486 1514 1511 των

67 1536 278 1587 μετοίκων,
319 1535 388 1575 καὶ
420 1536 464 1574 αἱ
493 1533 716 1574 πολιτικαί·
753 1530 812 1574 ὦν
839 1532 1034 1584 ἑκατέρων
1058 1533 1144 1574 ἐστὶ
1171 1530 1254 1578 τοῖς
1283 1526 1514 1594 εὖρῃμένοις

68 1590 96 1642 ’2‘
110 1587 280 1634 ἆτὲλεια.
339 1587 420 1629 Sed
445 1587 542 1628 vide
571 1589 662 1642 ipse
681 1587 927 1629 Orationem
948 1589 1089 1628 istam:
1133 1600 1227 1625 nam
1259 1584 1310 1624 de
1340 1584 1514 1635 «τελείᾳ,

71 1647 187 1702 quod
210 1646 263 1687 ad
286 1660 374 1687 earn
396 1644 670 1700 probandam,
711 1647 806 1699 plus
835 1644 1080 1694 verborum,
1121 1656 1244 1696 quam
1273 1653 1378 1694 opus
1408 1647 1510 1704 erat,

70 1704 341 1759 profudimus
363 1703 498 1742 forte:
529 1701 616 1743 vid.
638 1711 778 1742 tamen
799 1711 842 1742 et
860 1702 1237 1753 Harpocrationem
1254 1698 1300 1737 in
1320 1699 1509 1744 ἰσοτελης.

69 1763 262 1802 Alterum
278 1758 471 1816 χρήματα,
502 1756 552 1797 de
573 1772 656 1812 quo
685 1760 896 1811 Sigonius,
918 1758 962 1796 ni
985 1758 1122 1806 fallor,
1142 1754 1267 1795 nihil.
1325 1753 1383 1791 Et
1409 1751 1514 1790 licet

69 1821 232 1858 nullum
255 1820 396 1857 locum
430 1814 658 1861 adferrem,
700 1823 839 1854 tamen
869 1814 1089 1867 pecuniam
1116 1812 1226 1851 inter
1261 1808 1376 1849 varia
1399 1806 1510 1846 dona

71 1875 227 1930 quibus
245 1873 526 1913 Athenienses
548 1871 599 1912 de
616 1885 658 1911 se
681 1871 787 1911 bene
809 1871 977 1911 meritos
997 1869 1045 1909 ad
1055 1868 1223 1908 fluerent
1241 1865 1371 1905 fuisse
1387 1874 1509 1903 nemo

69 1946 221 1986 negare
242 1929 407 1972 audeam
463 1929 570 1968 Nam
596 1939 636 1968 et
656 1928 740 1968 hoo
760 1927 885 1967 modo
921 1941 972 1966 ex
1001 1924 1161 1965 aerario
1192 1922 1366 1977 publico
1389 1931 1509 1984 quem

69 1986 312 2029 honorandi
348 1986 392 2025 in
432 1994 630 2039 promptu
662 1985 760 2027 fuit.
827 1984 894 2024 Ne
925 1993 1062 2022 tamen
1103 1979 1296 2019 abeamus
1325 1981 1510 2030 longius,

70 2045 143 2086 sed
166 2058 404 2084 maneamus
425 2043 469 2081 in
504 2041 647 2082 eadem
669 2041 875 2081 Oratione
900 2038 951 2080 ad
968 2039 1196 2090 Leptinem,
1226 2033 1408 2099 indeque
1442 2029 1512 2068 da-

71 2102 210 2142 bimus
227 2103 477 2152 exemplum.
537 2098 691 2138 Narrat
711 2097 770 2136 ibi
796 2097 847 2137 de
864 2095 1123 2149 Lysimacho,
1153 2091 1227 2147 qui
1247 2092 1370 2142 Rerp.
1397 2099 1511 2151 prae·

71 2161 230 2209 fuerat,
270 2156 372 2211 quid
399 2156 463 2195 illi
502 2154 765 2196 decreverint
791 2154 977 2208 ipsorum
1009 2149 1210 2190 maiores:
1242 2147 1303 2190 ὅτι
1320 2150 1512 2196 Λυσιμα-

70 2234 129 2273 γῳ
152 2212 305 2270 δωρεάν
322 2215 380 2256 ἑνὶ
399 2213 478 2254 τῶν
495 2209 593 2254 πότε
609 2213 824 2265 χρησίμων,
855 2207 994 2252 ἑκατόν
1012 2209 1084 2262 μὲν
1111 2208 1155 2249 ἔν
1174 2201 1511 2273 Εὖβοίᾳιπλέθρα

69 2264 143 2330 γῆς
179 2271 476 2325 πεφυτευμένης
498 2269 665 2318 ἔδοσαν,
706 2266 850 2311 ἑκατόν
892 2269 933 2309 δὲ
964 2264 1109 2330 ψιλῆς·
1154 2261 1224 2334 ἔτιἱ
1246 2262 1287 2302 δὲ
1310 2269 1510 2326 ἀργυρίῳ)

70 2330 169 2385 μνᾶς
190 2324 349 2378 ἑκατᾶν,
380 2330 446 2370 καῖ
464 2327 653 2380 τέτταρας
670 2326 740 2375 τῆς
757 2324 910 2379 ἡμέρας
928 2326 1124 2375 δραχμας·
1155 2336 1221 2361 καί
1250 2331 1402 2358 ῖθϋῑων
1426 2323 1511 2366 ψη·

72 2383 206 2444 φισμᾶ
222 2389 334 2430 ἔστιν
352 2380 630 2438 Ἀλκιβιάδου,
661 2383 703 2425 ἐν
721 2375 755 2437 ᾧ
773 2381 898 2425 ταῦτα
917 2381 1148 2435 γέγραπται.
1176 2379 1284 2412 Irme-

182 2500 339 2543 ἄτελεῒα
359 2494 570 2552 χρήματα]
599 2495 766 2534 Locum
787 2493 838 2533 ad
864 2500 1040 2533 mentem
1059 2487 1241 2552 Kuefinii
1259 2480 1507 2551 ‘emend-avi:

69 2558 241 2608 ἆτέλεια,
276 2552 472 2610 χρήματα.
531 2551 580 2590 In
617 2551 771 2590 Glossis
803 2549 959 2592 αἐἑλεια
991 2553 1224 2611 exponitur
1250 2546 1506 2586 rmmumtas,

71 2627 113 2657 et
128 2611 447 2656 emaculandum
476 2619 620 2664 putem
649 2607 694 2647 iu
720 2621 767 2647 ea
802 2620 909 2647 voce
931 2602 1198 2656 Hesyclnum,
1227 2594 1339 2651 apud
1367 2605 1507 2654 quem:
