1664 3016
145 130 231 172 706
747 125 870 166 VIII.
929 130 998 170 89.

149 257 243 289 τους
258 237 433 288 πατέρας
459 239 552 290 lege
572 237 892 277 Atheniensium
920 239 1066 279 liberis
1098 239 1285 290 licuisse,
1326 239 1607 294 quemadmo—

153 297 251 336 dum
271 293 459 348 panibus
478 293 589 332 filios
613 292 825 346 abdicare,
859 310 911 336 ex
932 296 1123 336 Platonis
1143 297 1220 336 lib.
1246 312 1310 336 xr-
1338 298 1504 352 Legum
1516 298 1608 336 Ba-

152 353 283 392 dacus
305 350 350 388 in
375 348 532 391 Comm
564 350 634 392 G·.r
654 351 759 405 ling.
782 365 859 390 nos
885 351 1025 395 docet.
1055 359 1159 393 Iuno.

265 406 509 458 παροινίας.]
542 404 645 447 Cum
670 407 819 446 ceteris
837 409 960 448 MSS.
981 407 1124 449 Codex
1145 423 1318 463 quoque
1333 409 1610 449 fiale-henbur-

152 468 220 520 gii
240 464 463 515 παρανοίας
489 463 615 518 legit,
658 477 782 516 quam
810 478 979 511 vocem,
1021 466 1216 504 unanimi
1241 466 1369 508 MSS.
1401 480 1611 507 consensu

155 521 384 562 stabilitam
406 523 544 559 textui
574 521 797 560 restituere
817 535 904 560 non
927 520 1134 563 dubitavi,

266 579 324 624 εἰς
352 576 567 626 διαιτητῶν
595 581 770 630 αἵρεσιν]
802 577 876 618 Sic
903 586 945 617 et
965 577 1064 618 MS.
1097 577 1236 618 habet.
1295 577 1460 618 Incidit
1489 575 1611 627 mihi,

157 648 285 700 quum
309 632 436 672 huius
456 632 639 672 actionis
661 647 812 672 nomen
836 634 1043 689 ignorem,
1076 635 1187 674 forte
1208 634 1434 689 legendum
1456 638 1515 685 εἷς
1539 637 1613 676 δα-

156 689 287 742 ῑητῶν
316 694 494 742 αιύεσιν·
531 689 708 728 invenio
739 691 851 728 enim
894 690 938 728 in
970 690 1312 742 Harpen-ratione
1340 705 1447 732 voce
1477 693 1614 734 δατεῖ-

159 756 289 791 noui:
323 744 370 788 τό
399 749 455 796 δὲ,
485 749 543 796 εἰς
574 746 754 796 δατητῶν
787 752 960 799 αἱρεσιν,
999 744 1103 795 εἶδός
1122 765 1160 789 τι
1172 749 1292 817 δίκης
1320 749 1458 792 ἐστίν·
1489 745 1614 790 ὁπότε

157 801 234 874 γὰρ
257 804 485 846 κοινωνοῖέν
506 820 611 853 τινες
629 801 828 853 ἀλλήλοις,
862 806 931 846 καὶ
947 811 986 849 οἱ
1008 807 1081 858 μὲν
1105 800 1314 857 βούλοιντο
1348 805 1615 857 διανέμεσθαι

159 861 210 906 τοὶ
241 858 383 912 κοινοὶ,
436 864 475 903 οἱ
511 863 554 902 δὲ
587 878 667 929 μη,
708 858 934 909 ἐδικάζοντο
963 866 1002 904 οῖ
1032 860 1269 914 βουλόμενοι
1299 863 1384 912 τοῖς
1409 879 1465 916 μη
1513 867 1616 915 βου-

161 919 376 987 λομε’νοις,
427 914 772 971 προσκαλούμενοι
818 921 877 968 εἰς
924 919 1104 968 δατητῶν
1144 923 1321 972 αι”ρεσιν
1367 919 1526 968 Λυσίας
1573 921 1616 960 ἐν

161 979 218 1034 τῷ
243 973 344 1029 πρὸς
364 970 639 1028 Ἀλεξίδημον,
670 976 705 1016 εἰ
730 972 921 1030 γνήσιος,
950 978 1016 1017 καὶ
1043 971 1308 1029 Ἀριστοτέλης
1335 975 1378 1018 ἐν
1410 980 1461 1031 τῇ
1484 970 1616 1028 Ἀθη·

162 1019 290 1076 ναίων
329 1033 521 1086 πολιτείᾳ.
596 1031 668 1069 Ex
712 1045 797 1085 quo
826 1034 1078 1071 Aristotelis
1119 1031 1332 1085 opereviri
1366 1030 1483 1071 docti
1523 1034 1619 1085 ple-

162 1102 295 1143 raque
329 1086 434 1127 haec
465 1087 682 1126 Pollucem
711 1097 900 1126 nostrum
946 1098 1182 1128 mutuatum
1213 1088 1484 1131 arbitrantur.
1552 1089 1619 1126 Eo

165 1154 305 1186 autem
337 1158 427 1183 mea
458 1143 703 1183 coniectura
737 1143 843 1183 mihi
874 1143 1099 1198 displicere
1127 1146 1267 1184 minus
1297 1144 1465 1199 potuit,
1503 1143 1620 1198 quod

164 1200 332 1242 videam
373 1199 432 1239 ita
459 1210 502 1240 et
535 1199 747 1242 eruditiss.
779 1201 999 1253 Sigonium
1023 1201 1188 1255 legisse.
1245 1202 1372 1242 Certe
1401 1201 1523 1255 quasi
1559 1201 1622 1240 sie

165 1257 339 1312 legerit,
379 1255 438 1295 ita
477 1256 780 1309 interpretatur
815 1257 907 1298 libr.
946 1272 1005 1300 ιν.
1049 1257 1100 1298 de
1129 1260 1237 1308 Rep.
1269 1258 1423 1298 Athen.
1462 1271 1554 1312 cap.
1585 1255 1623 1298 5.

167 1314 243 1354 ubi
282 1312 387 1352 haec
426 1312 629 1366 exponit:
692 1314 889 1366 Archon,
946 1314 1032 1364 ait,
1093 1314 1208 1367 apud
1244 1328 1361 1367 quem
1411 1315 1526 1365 lites,
1575 1321 1622 1351 nt

168 1372 308 1424 inquit
330 1369 507 1421 Pollux,
540 1368 856 1408 intendebantur
883 1371 931 1409 de
955 1373 1072 1410 mala
1105 1374 1377 1420 tractatione,
1410 1370 1619 1415 ebrietate,

171 1427 400 1466 divisorum
428 1427 650 1475 electione,
678 1436 756 1465 etc.
817 1425 936 1479 Quid
966 1427 1078 1468 enim
1100 1428 1330 1466 divisorum
1344 1428 1483 1466 electio
1504 1425 1622 1466 aliud

171 1493 235 1525 est
258 1497 382 1537 quam
405 1485 582 1535 δατητῶν
603 1482 785 1536 αἵρεσις-9
821 1483 1076 1536 Corruptum
1102 1484 1146 1522 in
1169 1481 1380 1524 eiusmodi
1397 1481 1524 1523 verbo
1551 1482 1624 1520 vi—

173 1541 252 1581 deo
281 1549 323 1579 et
345 1540 623 1593 Hesychium‚
658 1538 770 1592 apud
805 1553 927 1594 quem
955 1549 1036 1591 est,
1070 1543 1257 1587 δασεῖται,
1286 1540 1394 1592 νέμει
1419 1537 1624 1594 διαιρήσει.

173 1598 431 1646 δαταὶεσθαι,
459 1599 709 1650 μερίζεσθαι·
741 1611 868 1651 quum
886 1596 1153 1636 scribendum
1182 1598 1239 1636 sit
1263 1600 1453 1639 δατεῖται·
1485 1607 1527 1636 et
1558 1598 1624 1638 δα·

172 1655 344 1696 τέεσθαι.
377 1653 435 1691 Et
465 1652 526 1691 sic
567 1662 714 1706 postea
754 1662 866 1692 recte
894 1654 1156 1706 Hesychius:
1196 1651 1380 1706 δάτησις,
1421 1655 1626 1704 διαίρεσις,

174 1707 375 1764 μερισμός.
404 1708 641 1763 δατούμενοι
666 1706 928 1763 μεριζόμενοι.
988 1711 1045 1748 Et
1075 1710 1166 1762 ipse
1190 1711 1345 1748 Noster
1377 1709 1488 1749 iufra
1522 1709 1627 1748 Ora-

177 1778 288 1807 tores
308 1765 447 1816 dicere
468 1769 521 1816 εἰς
541 1765 717 1819 δατητῶν
737 1767 887 1818 αἵρεσιν
908 1765 968 1804 ait
986 1779 1114 1820 segm.
1142 1764 1231 1806 156.
1288 1773 1396 1805 que.

288 1822 471 1876 κλήρων,
503 1823 612 1876 eta]
653 1825 720 1861 De
759 1821 1087 1861 haereditatibus
1113 1831 1151 1860 et
1178 1823 1416 1874 virginibus
1449 1836 1497 1861 ex
1532 1837 1627 1861 asse

176 1880 423 1919 haeredibus
450 1882 677 1918 institutae
697 1882 897 1918 actiones.
928 1893 1006 1932 pro
1027 1879 1253 1932 ἐπιμεληταὶ
1278 1882 1359 1934 leg.
1385 1879 1630 1934 ἐπιμελεῖται,

177 1944 314 1975 curat.
372 1942 521 1974 Kumm.

289 1990 461 2045 κλήοων,
491 1993 557 2034 καὶ
586 1992 710 2033 sauna.
740 1991 992 2034 ἐπιδικασίαι.
1002 1991 1019 2044 ]
1054 1990 1287 2047 Legendus
1313 2000 1376 2032 est
1403 1990 1483 2032 hac
1511 1990 1561 2032 de
1586 2006 1630 2032 re

186 2047 382 2090 Valesius
401 2048 451 2086 ad
471 2051 680 2101 Harpocr
688 2061 741 2121 «sip
761 2046 827 2103 96.

293 2106 518 2174 φανῶσιν]
519 2103 565 2147 C.
582 2105 634 2148 V.
654 2107 696 2145 αι
715 2102 765 2146 ἂν
785 2109 915 2157 φῶσιν
929 2102 994 2148 ἐπ’
1001 2101 1164 2173 ἀνδρὸς
1181 2108 1342 2162 τελευτῇ
1359 2102 1485 2148 κύειν
1515 2105 1563 2147 C.
1578 2105 1630 2145 A.

181 2163 225 2203 αἳ
249 2158 299 2203 ἂν
329 2165 461 2213 φῶσιν
495 2158 564 2202 ἀπ’
597 2156 746 2214 ἀνδρὸς
780 2158 934 2214 τελεύτη
966 2158 1087 2204 δύειν.
1127 2164 1256 2202 male.
1295 2176 1562 2216 quaecunque
1591 2176 1633 2200 se

181 2219 362 2256 dixerint
392 2232 421 2256 a
453 2225 580 2256 morte
609 2219 759 2255 mariti
790 2227 1086 2270 praegnantes.
1130 2219 1194 2260 ἐπὶ
1218 2223 1377 2276 τελευτῇ
1408 2227 1492 2270 est,
1533 2227 1632 2271 post

183 2284 357 2313 mortem
386 2273 526 2313 mariti
555 2287 599 2312 se
627 2285 927 2328 praegnantem
959 2276 1147 2328 professa
1171 2284 1257 2324 est,
1290 2284 1339 2312 ut
1364 2274 1526 2314 ventris
1554 2289 1632 2314 no-

182 2331 296 2369 mine
322 2330 562 2370 mitteretur
594 2330 638 2368 in
670 2331 1002 2381 possessionem,
1040 2340 1082 2371 et
1108 2331 1154 2370 in
1185 2330 1324 2369 mariti
1345 2328 1519 2370 aedibus
1545 2345 1634 2369 ma-

183 2396 314 2426 neret.
380 2386 630 2426 Lectionem
670 2385 923 2427 MSStorum
974 2387 1111 2426 firmat
1146 2386 1442 2426 Demosthenes
1486 2396 1635 2427 contra

183 2445 499 2494 Macartatum,
559 2447 763 2498 γυναικών
798 2441 889 2485 ὅσαι
926 2444 1091 2498 μένουσι
1123 2454 1201 2487 etc.
1237 2442 1471 2497 φάσκουσαι
1509 2443 1633 2486 κύειν.

185 2505 330 2539 Korn-m.

297 2556 507 2608 φανῶσω]
544 2555 637 2595 MS.
671 2560 804 2608 φῦσιν
833 2554 901 2599 ἔπ’
932 2555 1083 2612 ἆνδρός
1114 2561 1272 2610 τελευτῇ
1303 2553 1428 2599 κύειν.
1487 2557 1545 2595 Et
1575 2556 1637 2595 sic

182 2611 422 2652 estitueuda
455 2612 584 2652 haec.-
614 2627 692 2652 nec
723 2614 882 2667 absque
904 2614 993 2656 MS'.
1024 2614 1152 2654 facile
1187 2614 1410 2669 quisquam
1431 2613 1476 2652 in
1499 2617 1636 2667 φαναῖ-
