1664 3016
151 127 236 172 854
728 127 850 168 VIII.
913 130 1007 175 155.

151 253 230 280 nee
253 242 428 281 alterum
451 238 588 279 activa
617 240 754 282 forma
782 245 1004 298 vulgatum
1034 244 1297 299 ἔπεψηφίζετε
1315 254 1474 289 temere
1493 260 1612 304 quo-

153 310 236 351 que
257 296 640 339 solicitem.1um.

264 349 292 406 ἦ
315 351 467 408 θόλος]
507 354 578 394 De
606 352 690 394 hoc
712 364 757 395 et
781 355 1014 411 Rhodigin.
1036 357 1134 400 libr.
1162 374 1236 399 111.
1258 358 1393 415 antiq.
1413 361 1511 401 lect·
1534 358 1604 402 52.

151 415 346 449 quenum.

264 483 292 517 ¹¹1
315 464 643 536 πρυτανεύουσα]
674 467 773 508 vid.
792 483 915 523 supra
938 471 1349 526 segm.115.1uuo.

264 521 292 574 ἦ
328 521 633 576 πρυτανεύουσα
668 523 802 579 φυλὴ]
858 528 1014 566 Totum
1045 530 1186 574 locum
1218 528 1271 568 ad
1303 529 1607 582 langermanni

154 589 337 621 mentem
367 580 558 632 restitui,
591 581 666 635 qui
694 582 837 622 omnia
867 583 963 624 MS.
994 598 1095 622 usus
1119 583 1366 626 adiumento
1387 585 1605 628 verissime

155 637 421 679 emaculavit.
454 638 524 676 De
536 637 656 677 tholo
668 637 826 680 dixisse
838 653 1012 679 memmi
1025 639 1166 680 adhb
1180 656 1268 684 vu.
1294 641 1606 682 Moxeratvul-

154 707 209 749 go
234 690 393 763 ἆτελής·
425 690 447 736 ὅ
464 699 536 746 τῆς
556 692 678 748 αὐτῆς
695 697 936 747 (Kuelmius
954 695 1089 749 αλλης,
1113 698 1242 750 male)
1265 695 1438 748 ατελείας
1453 713 1604 753 τυχων·

152 750 328 805 ἰσοτελὴς
355 747 376 793 ὅ
409 750 590 804 μέτοικος
615 757 759 794 τελεῖν·
802 767 878 806 pro
897 752 1049 808 quibus
1070 754 1310 797 Kuehniuss
1335 753 1382 799 τὸ
1403 758 1606 810 μετοίκιον

151 806 205 862 μὴ
230 811 362 850 τελῶν.
422 807 503 847 Sed
521 808 677 849 certius
697 808 820 851 MSS.
846 809 1089 851 innitimur.

268 862 290 907 6
308 868 378 917 τῆς
399 859 523 917 αὐτῆς
541 863 643 908 ἆτελ.
657 867 712 919 τ.]
734 865 831 906 MS.
850 863 874 908 o‘
886 870 961 934 τῆς
980 862 1081 910 ἇτελ.
1099 867 1191 908 sine
1212 865 1345 937 αὐτῆς.
1374 860 1428 908 Ῑιι
1441 867 1606 909 Schultz·

153 920 481 962 observationib.
508 936 610 963 vero
635 922 836 962 invenio.
876 919 899 966 ὅ
923 924 1126 975 μέτοικος,
1166 922 1319 964 adde‘
1296 942 1317 968 ο
1344 927 1527 979 τιμηθεὶς
1549 923 1603 981 μὴ

150 983 275 1020 ταῦτα
292 983 373 1027 τοῖς
392 979 591 1033 μετοίκοις
606 984 744 1022 τελεῖν.
784 978 943 1019 Eadem
966 990 1008 1020 et
1029 991 1173 1020 noster
1193 982 1287 1024 MS.
1319 983 1602 1030 conservavit.

152 1049 205 1076 ex
226 1049 309 1105 quo
332 1043 470 1074 totum
491 1033 607 1075 bunc
628 1039 769 1075 locum
794 1045 843 1074 ut
869 1037 1029 1092 legitur
1047 1036 1268 1080 adscribo.-
1297 1035 1320 1082 6
1339 1043 1411 1094 τῆς
1429 1036 1606 1090 α’τελείας

149 1109 291 1146 τυχων,
325 1090 514 1143 ἰσοτελὴς,
545 1090 568 1134 6
587 1093 792 1145 μέτοικος,
825 1090 848 1134 ὁ
866 1095 1048 1164 τιμηθεὶς
1069 1091 1122 1147 μὴ
1144 1100 1268 1137 ταῦτα
1289 1097 1357 1139 καὶ
1375 1102 1460 1144 τοῖς
1476 1099 1602 1150 μετοί-

149 1166 238 1198 κοις
253 1153 413 1191 τελοῦν·
443 1147 651 1202 υποτελὴς,
669 1153 757 1216 πᾶς,
769 1147 844 1203 ότῳ
861 1150 915 1203 μὴ
928 1149 970 1192 τὸ
981 1147 1046 1192 eit
1035 1147 1148 1200 ·”λὲς
1121 1169 1189 1193 υπ
1209 1158 1289 1192 etc.
1353 1152 1524 1193 unciam
1536 1167 1601 1193 se-

153 1215 356 1260 quuntur.
398 1206 546 1246 Locus
566 1215 682 1245 totus
703 1207 806 1247 mire
837 1206 1120 1259 perturbatus,
1153 1208 1278 1248 etiam
1299 1224 1322 1249 a
1355 1207 1484 1249 huc'
1459 1226 1602 1253 ανωτε-

151 1279 238 1317 ρον,
272 1276 394 1328 quem
427 1275 477 1303 ex
505 1262 593 1302 MS.
615 1263 769 1333 partim
799 1277 853 1303 ex
882 1263 1075 1335 ingenio,
1108 1265 1170 1305 sio
1201 1273 1351 1318 totum,
1385 1266 1431 1306 ni
1459 1267 1600 1319 fallor,

149 1319 368 1360 verissime
407 1318 608 1360 emendo·
664 1317 693 1372 ἦ
734 1318 883 1373 θόλος,
931 1321 974 1362 ἐν
1022 1315 1052 1377 ᾗ
1099 1324 1387 1366 συνεδείπνουν
1435 1321 1602 1393 ἑκάστης

148 1373 302 1431 ημὲρας
349 1375 596 1430 πεντήκοντα
641 1381 711 1430 τῆς
752 1381 833 1419 τῶν
871 1379 1147 1420 πεντακοσίων
1195 1381 1367 1448 βουλῆς,
1424 1376 1454 1433 ἦ
1492 1397 1601 1435 πρυ·

148 1432 374 1476 τανεύουσα
422 1433 543 1486 φυλή
606 1429 782 1485 Ἀτελης,
831 1430 852 1476 6
889 1439 962 1487 τῆς
1002 1432 1177 1485 ἀτελείας
1214 1449 1363 1491 τυχων·
1410 1436 1600 1506 ἰσοτελὴς,

151 1487 174 1533 6
203 1491 383 1544 μέτοικος
415 1488 437 1533 6
474 1491 666 1560 τιμηθεις
684 1489 736 1561 μὴ
766 1486 889 1532 ταυτᾶ
917 1497 1001 1540 τοῖς
1033 1494 1230 1545 μετοίκοις
1259 1498 1405 1536 τελεῖν·
1445 1489 1600 1536 ὖποτε-

149 1545 244 1600 λὴς,
281 1551 384 1600 πᾶς,
426 1564 502 1604 οτῳ
538 1546 592 1601 μὴ
626 1544 670 1589 τὸ
705 1545 834 1597 ἀτελὲς
863 1544 1036 1601 υπῆρξεν
1061 1551 1104 1591 ἐκ
1134 1552 1314 1604 δωρεᾶς·
1342 1549 1600 1604 συντελὴς,ο
1587 1548 1602 1564 ‘

151 1604 225 1647 σύν
267 1602 367 1656 ἄλλῳ
409 1608 665 1658 λειτουργῶν.
720 1605 789 1644 Sic
830 1614 946 1644 totus
986 1608 1107 1644 locus
1151 1606 1472 1646 concinnandus
1510 1616 1600 1649 est·

151 1660 267 1726 qued
304 1649 442 1700 adhuc
476 1660 684 1716 liquidius
718 1660 1003 1702 demonstrare
1029 1661 1161 1703 lubet.
1228 1664 1380 1703 Tholas
1409 1663 1511 1718 quid
1544 1664 1602 1704 sit

150 1717 332 1786 primum
358 1718 513 1756 Noster
540 1718 748 1771 explicat,
786 1732 938 1772 nempe
962 1718 1095 1759 fuisse
1124 1722 1262 1759 locum
1287 1720 1363 1759 ubi
1382 1732 1598 1773 prymnes,

151 1771 263 1814 vel‘
238 1792 264 1827 η
294 1772 602 1828 πρυτανεύουσα
633 1772 765 1828 φυλὴ,
808 1777 945 1828 (quae
977 1790 1027 1815 ex
1046 1776 1360 1841 quinquaginta
1378 1776 1601 1817 constabat

148 1830 256 1871 viris
272 1831 394 1870 lectis
408 1845 460 1870 ex
481 1841 630 1870 senatu
652 1832 1002 1885 quingentorum)
1021 1833 1202 1887 singulis
1226 1833 1373 1873 diebus
1391 1847 1491 1873 suae
1501 1848 1580 1887 pry
1552 1849 1600 1886 y-

149 1897 299 1927 taneae
330 1887 588 1939 coenabant,
631 1887 682 1927 de
707 1888 862 1952 quibus
891 1887 980 1929 vid.
1014 1889 1163 1942 Sigon.
1196 1888 1271 1931 lib.
1301 1905 1354 1930 11.
1377 1904 1468 1944 cap.
1484 1888 1522 1931 5.
1546 1888 1599 1930 de

148 1945 257 1999 Rep.
283 1944 435 1985 Athen.
454 1947 764 1997 Harpocratio:
807 1943 951 1994 Θόλος·
994 1947 1262 2000 Δημοσθένης
1289 1947 1331 1988 ἐν
1346 1951 1403 2003 τῷ
1417 1963 1490 1989 κατ
1497 1945 1600 1989 ²-At

149 2004 314 2071 σχίνου·
360 1998 381 2043 ὁ
407 1999 530 2050 τόπος
561 2003 662 2044 ε’νθα
690 2003 897 2044 ἐδείπνουν
934 2003 975 2043 οἱ
998 2001 1234 2056 πρυτάνεις,
1274 2020 1400 2053 ουτως
1427 2004 1601 2046 ἐκαλεῖτο

147 2054 238 2110 παρ’
253 2054 508 2127 Ἀθηναίοις·
532 2055 757 2111 Ἀμμώνιος
777 2061 818 2101 ἐν
839 2058 999 2112 τετάρτη
1022 2061 1111 2114 περὶ
1133 2064 1279 2115 κωμῶν
1301 2059 1449 2131 γράφει
1465 2063 1598 2132 tamt:

148 2113 171 2158 6
197 2115 239 2157 δὲ
263 2112 404 2166 τόπος,
445 2112 549 2157 ὅπου
580 2116 786 2157 ἕστιωνται
815 2117 857 2157 οἵ
885 2114 1124 2168 πρυτάνεις,
1154 2123 1325 2160 καλειται
1343 2116 1489 2167 θάλος,
1521 2114 1598 2159 υπ’

147 2173 266 2215 ἐνίων
286 2171 327 2214 δὲ
348 2170 476 2222 σκιάς,
502 2169 567 2214 δια
583 2169 627 2214 τὸ
640 2170 767 2221 οὕτως
787 2169 1074 2242 ᾠκοδομῆσθαι
1089 2171 1211 2217 αυτόν
1232 2174 1482 2230 στρογγύλον,
1499 2191 1600 2226 παρ-

148 2226 292 2298 ὅμοιον
322 2231 454 2283 θυλία.
496 2227 582 2269 vid.
610 2238 653 2268 et
680 2229 860 2281 Hesych.
884 2229 929 2267 in
949 2228 1087 2280 θόλος.
1146 2231 1263 2271 Idem
1288 2234 1598 2296 Harpofratio.

146 2284 360 2339 πρυτάνεις
376 2284 420 2328 τὸ
441 2286 603 2328 δέκατον
620 2286 740 2340 μέρος
760 2291 829 2338 τῆς
849 2291 978 2339 φυλῆς
996 2289 1110 2342 (lego
1133 2297 1181 2327 ut
1201 2288 1244 2327 in
1269 2288 1363 2330 MS.
1382 2288 1484 2342 epit.
1502 2291 1600 2342 βου-

146 2344 235 2396 λῆς)
257 2347 336 2385 τῶν
358 2344 654 2385 πεντακοσίων·
687 2360 929 2396 πεντηκοντα
943 2341 1088 2399 ἄνδρες
1105 2354 1184 2385 etc.
1217 2359 1323 2399 quae
1342 2345 1432 2398 ipse
1454 2343 1598 2384 videas

144 2399 258 2440 licet.
316 2399 468 2439 Haec'
457 2414 540 2439 iam
573 2409 717 2454 aperta
744 2409 857 2442 sunt.
917 2401 998 2440 His
1033 2401 1209 2440 subiicit
1237 2403 1396 2440 Pollux
1424 2415 1446 2440 a
1477 2406 1598 2443 τελῶν

148 2465 330 2510 quatuor
351 2455 583 2504 vocabula,
615 2470 722 2511 quae
742 2467 840 2495 sunt
858 2454 1007 2507 οἷτελης,
1040 2456 1229 2510 ἰσοτελὴς,
1261 2454 1468 2511 ὖποτελής,
1500 2471 1599 2500 συν-

145 2511 276 2565 τελής·
307 2527 415 2569 quae
435 2513 602 2567 singula
626 2514 784 2566 repetit
810 2528 909 2554 mox
931 2514 1078 2553 eodem
1104 2513 1275 2560 ordine.
1309 2528 1362 2554 ne
1383 2513 1435 2554 de
1454 2524 1599 2554 nostru

149 2568 447 2609 emendatione
467 2568 651 2619 dubites,
671 2570 838 2625 singula
859 2585 932 2623 per
953 2584 1179 2623 synonym.
1201 2544 1414 2610 deducens
1435 2581 1476 2611 et
1494 2585 1600 2625 quae

147 2626 198 2665 ab
222 2625 309 2666 inis
333 2625 550 2665 dicuntur.
610 2628 668 2667 Et
690 2625 756 2667 de
751 2627 941 2681 reliquis
968 2627 1102 2667 tribus
1132 2641 1196 2668 res
1226 2627 1354 2667 nimis
1373 2637 1518 2681 aperta
1537 2636 1601 2667 est
