<?xml version="1.0" encoding="UTF-8"?>
<!DOCTYPE html PUBLIC "-//W3C//DTD XHTML 1.0 Transitional//EN"
    "http://www.w3.org/TR/xhtml1/DTD/xhtml1-transitional.dtd">
<html xmlns="http://www.w3.org/1999/xhtml" xml:lang="en" lang="en">
 <head>
  <title>
</title>
<meta http-equiv="Content-Type" content="text/html;charset=utf-8" />
  <meta name='ocr-system' content='tesseract 3.04.00' />
  <meta name='ocr-capabilities' content='ocr_page ocr_carea ocr_par ocr_line ocrx_word'/>
</head>
<body>
  <div class='ocr_page' id='page_1' title='image "./p1onomastic05polluoft_0823.png"; bbox 0 0 1664 3016; ppageno 0'>
   <div class='ocr_carea' id='block_1_1' title="bbox 674 149 1529 205">
    <p class='ocr_par' dir='ltr' id='par_1_1' title="bbox 674 149 1529 205">
     <span class='ocr_line' id='line_1_1' title="bbox 674 149 1529 205; baseline 0.001 -15"><span class='ocrx_word' id='word_1_1' title='bbox 674 149 795 192; x_wconf 82' lang='lat' dir='ltr'>vm.</span> <span class='ocrx_word' id='word_1_2' title='bbox 860 154 959 197; x_wconf 83' lang='lat'><strong>152.</strong></span> <span class='ocrx_word' id='word_1_3' title='bbox 1450 162 1529 205; x_wconf 85' lang='lat'>851</span> 
     </span>
    </p>
   </div>
   <div class='ocr_carea' id='block_1_2' title="bbox 76 260 1528 1501">
    <p class='ocr_par' dir='ltr' id='par_1_2' title="bbox 76 260 1528 995">
     <span class='ocr_line' id='line_1_2' title="bbox 81 260 1527 322; baseline 0.004 -22"><span class='ocrx_word' id='word_1_4' title='bbox 81 270 125 302; x_wconf 84' lang='lat' dir='ltr'>et</span> <span class='ocrx_word' id='word_1_5' title='bbox 147 260 230 301; x_wconf 80' lang='lat' dir='ltr'>alia</span> <span class='ocrx_word' id='word_1_6' title='bbox 249 275 335 303; x_wconf 80' lang='lat' dir='ltr'>vox</span> <span class='ocrx_word' id='word_1_7' title='bbox 351 261 395 300; x_wconf 86' lang='lat' dir='ltr'>in</span> <span class='ocrx_word' id='word_1_8' title='bbox 415 260 581 312; x_wconf 80' lang='lat' dir='ltr'>menda,</span> <span class='ocrx_word' id='word_1_9' title='bbox 613 261 810 302; x_wconf 85' lang='lat' dir='ltr'>nimirum</span> <span class='ocrx_word' id='word_1_10' title='bbox 837 269 1114 316; x_wconf 68' lang='grc' dir='ltr'><em>συνωνῶσθαι,</em></span> <span class='ocrx_word' id='word_1_11' title='bbox 1146 266 1258 322; x_wconf 83' lang='lat' dir='ltr'>quod</span> <span class='ocrx_word' id='word_1_12' title='bbox 1271 269 1527 320; x_wconf 56' lang='lat' dir='ltr'>parnei-MS,</span> 
     </span>
     <span class='ocr_line' id='line_1_3' title="bbox 81 317 1525 382; baseline 0.007 -24"><span class='ocrx_word' id='word_1_13' title='bbox 81 318 239 382; x_wconf 51' lang='lat' dir='ltr'>oniisit.</span> <span class='ocrx_word' id='word_1_14' title='bbox 273 317 387 358; x_wconf 81' lang='lat' dir='ltr'>dicas</span> <span class='ocrx_word' id='word_1_15' title='bbox 411 319 523 357; x_wconf 87' lang='lat' dir='ltr'>enim</span> <span class='ocrx_word' id='word_1_16' title='bbox 542 318 650 358; x_wconf 84' lang='lat' dir='ltr'>mihi</span> <span class='ocrx_word' id='word_1_17' title='bbox 675 320 775 372; x_wconf 88' lang='lat' dir='ltr'>quid</span> <span class='ocrx_word' id='word_1_18' title='bbox 799 321 1039 376; x_wconf 84' lang='lat' dir='ltr'>significet:</span> <span class='ocrx_word' id='word_1_19' title='bbox 1071 323 1141 363; x_wconf 88' lang='lat' dir='ltr'>sed</span> <span class='ocrx_word' id='word_1_20' title='bbox 1165 336 1248 364; x_wconf 87' lang='lat' dir='ltr'>non</span> <span class='ocrx_word' id='word_1_21' title='bbox 1274 323 1401 376; x_wconf 77' lang='lat' dir='ltr'>dices,</span> <span class='ocrx_word' id='word_1_22' title='bbox 1425 328 1525 371; x_wconf 85' lang='lat' dir='ltr'>scio.</span> 
     </span>
     <span class='ocr_line' id='line_1_4' title="bbox 77 374 1528 433; baseline 0.003 -16"><span class='ocrx_word' id='word_1_23' title='bbox 77 377 173 429; x_wconf 79' lang='lat' dir='ltr'>lege</span> <span class='ocrx_word' id='word_1_24' title='bbox 190 374 335 430; x_wconf 74' lang='lat' dir='ltr'>itaque</span> <span class='ocrx_word' id='word_1_25' title='bbox 357 389 534 426; x_wconf 84' lang='lat' dir='ltr'>mecum,</span> <span class='ocrx_word' id='word_1_26' title='bbox 567 385 615 414; x_wconf 87' lang='lat' dir='ltr'>ut</span> <span class='ocrx_word' id='word_1_27' title='bbox 634 376 754 426; x_wconf 84' lang='lat' dir='ltr'>scias,</span> <span class='ocrx_word' id='word_1_28' title='bbox 788 384 1070 430; x_wconf 78' lang='grc' dir='ltr'><em>συνηνῶσθαι·</em></span> <span class='ocrx_word' id='word_1_29' title='bbox 1103 379 1146 418; x_wconf 89' lang='lat' dir='ltr'>id</span> <span class='ocrx_word' id='word_1_30' title='bbox 1169 390 1244 433; x_wconf 79' lang='lat' dir='ltr'>est,</span> <span class='ocrx_word' id='word_1_31' title='bbox 1265 382 1301 419; x_wconf 87' lang='lat' dir='ltr'>si</span> <span class='ocrx_word' id='word_1_32' title='bbox 1322 381 1380 421; x_wconf 82' lang='lat' dir='ltr'>ita</span> <span class='ocrx_word' id='word_1_33' title='bbox 1396 383 1528 425; x_wconf 74' lang='lat' dir='ltr'>latine</span> 
     </span>
     <span class='ocr_line' id='line_1_5' title="bbox 77 431 1527 488; baseline 0.006 -18"><span class='ocrx_word' id='word_1_34' title='bbox 77 431 250 481; x_wconf 85' lang='lat' dir='ltr'>liceret,</span> <span class='ocrx_word' id='word_1_35' title='bbox 293 431 413 484; x_wconf 83' lang='lat' dir='ltr'>quasi</span> <span class='ocrx_word' id='word_1_36' title='bbox 444 432 692 472; x_wconf 71' lang='lat' dir='ltr'>coadunari.</span> <span class='ocrx_word' id='word_1_37' title='bbox 734 436 995 487; x_wconf 64' lang='grc' dir='ltr'><em>πρωτότυπον</em></span> <span class='ocrx_word' id='word_1_38' title='bbox 1014 431 1113 479; x_wconf 80' lang='grc' dir='ltr'><em>ἒνόω</em></span> <span class='ocrx_word' id='word_1_39' title='bbox 1135 445 1281 476; x_wconf 89' lang='lat' dir='ltr'>notum</span> <span class='ocrx_word' id='word_1_40' title='bbox 1309 447 1384 488; x_wconf 87' lang='lat' dir='ltr'>est,</span> <span class='ocrx_word' id='word_1_41' title='bbox 1415 440 1527 480; x_wconf 80' lang='lat' dir='ltr'>unde</span> 
     </span>
     <span class='ocr_line' id='line_1_6' title="bbox 77 484 1526 542; baseline 0.007 -17"><span class='ocrx_word' id='word_1_42' title='bbox 77 484 287 541; x_wconf 73' lang='grc' dir='ltr'><strong><em>ἡνωμένος</em></strong></span> <span class='ocrx_word' id='word_1_43' title='bbox 303 486 491 542; x_wconf 80' lang='lat' dir='ltr'>legebam</span> <span class='ocrx_word' id='word_1_44' title='bbox 514 488 615 527; x_wconf 88' lang='lat' dir='ltr'>olim</span> <span class='ocrx_word' id='word_1_45' title='bbox 637 488 748 541; x_wconf 83' lang='lat' dir='ltr'>apud</span> <span class='ocrx_word' id='word_1_46' title='bbox 772 492 911 534; x_wconf 75' lang='lat' dir='ltr'><em>Achil,</em></span> <span class='ocrx_word' id='word_1_47' title='bbox 947 494 1114 532; x_wconf 79' lang='lat' dir='ltr'>Tatium</span> <span class='ocrx_word' id='word_1_48' title='bbox 1134 492 1209 536; x_wconf 80' lang='lat' dir='ltr'>lib.</span> <span class='ocrx_word' id='word_1_49' title='bbox 1222 508 1324 533; x_wconf 80' lang='lat' dir='ltr'><strong>vnt.</strong></span> <span class='ocrx_word' id='word_1_50' title='bbox 1345 492 1395 534; x_wconf 87' lang='lat' dir='ltr'>de</span> <span class='ocrx_word' id='word_1_51' title='bbox 1417 497 1526 535; x_wconf 74' lang='lat' dir='ltr'>Leu-</span> 
     </span>
     <span class='ocr_line' id='line_1_7' title="bbox 79 543 1526 605; baseline 0.008 -23"><span class='ocrx_word' id='word_1_52' title='bbox 79 546 160 596; x_wconf 75' lang='lat' dir='ltr'>cip.</span> <span class='ocrx_word' id='word_1_53' title='bbox 193 553 235 584; x_wconf 89' lang='lat' dir='ltr'>et</span> <span class='ocrx_word' id='word_1_54' title='bbox 266 544 448 596; x_wconf 78' lang='lat' dir='ltr'>Clitoph.</span> <span class='ocrx_word' id='word_1_55' title='bbox 469 545 514 582; x_wconf 87' lang='lat' dir='ltr'>in</span> <span class='ocrx_word' id='word_1_56' title='bbox 547 544 617 582; x_wconf 86' lang='lat' dir='ltr'>illa</span> <span class='ocrx_word' id='word_1_57' title='bbox 643 543 882 586; x_wconf 85' lang='lat' dir='ltr'>admirabili</span> <span class='ocrx_word' id='word_1_58' title='bbox 902 549 1028 588; x_wconf 78' lang='lat' dir='ltr'>Panis</span> <span class='ocrx_word' id='word_1_59' title='bbox 1050 548 1208 589; x_wconf 80' lang='lat' dir='ltr'>fistula:</span> <span class='ocrx_word' id='word_1_60' title='bbox 1238 545 1266 602; x_wconf 75' lang='grc' dir='ltr'><em>ἦ</em></span> <span class='ocrx_word' id='word_1_61' title='bbox 1286 547 1420 605; x_wconf 79' lang='grc' dir='ltr'><em>σύριγξ</em></span> <span class='ocrx_word' id='word_1_62' title='bbox 1445 547 1526 594; x_wconf 82' lang='grc' dir='ltr'><em>αὖ·-</em></span> 
     </span>
     <span class='ocr_line' id='line_1_8' title="bbox 76 599 1528 656; baseline 0.006 -14"><span class='ocrx_word' id='word_1_63' title='bbox 76 600 140 642; x_wconf 79' lang='grc' dir='ltr'>λοὶ</span> <span class='ocrx_word' id='word_1_64' title='bbox 156 599 229 654; x_wconf 80' lang='grc' dir='ltr'>μὲν</span> <span class='ocrx_word' id='word_1_65' title='bbox 251 601 327 643; x_wconf 83' lang='grc' dir='ltr'><em>εἶσὶ</em></span> <span class='ocrx_word' id='word_1_66' title='bbox 348 602 502 650; x_wconf 79' lang='grc' dir='ltr'><em>πολλοὶ,</em></span> <span class='ocrx_word' id='word_1_67' title='bbox 532 599 704 654; x_wconf 77' lang='grc' dir='ltr'><em>κάλαμοι</em></span> <span class='ocrx_word' id='word_1_68' title='bbox 725 604 766 645; x_wconf 79' lang='grc' dir='ltr'>δὲ</span> <span class='ocrx_word' id='word_1_69' title='bbox 785 608 866 646; x_wconf 77' lang='grc' dir='ltr'>τῶν</span> <span class='ocrx_word' id='word_1_70' title='bbox 884 600 1016 648; x_wconf 72' lang='grc' dir='ltr'><em>αὐλῶν</em></span> <span class='ocrx_word' id='word_1_71' title='bbox 1035 606 1208 656; x_wconf 76' lang='grc' dir='ltr'><em>ἕκαστος,</em></span> <span class='ocrx_word' id='word_1_72' title='bbox 1239 603 1405 649; x_wconf 77' lang='grc' dir='ltr'><em>αὐλοῦσι</em></span> <span class='ocrx_word' id='word_1_73' title='bbox 1424 605 1460 650; x_wconf 82' lang='grc' dir='ltr'>δ’</span> <span class='ocrx_word' id='word_1_74' title='bbox 1487 611 1528 651; x_wconf 79' lang='grc' dir='ltr'><em>οἱ</em></span> 
     </span>
     <span class='ocr_line' id='line_1_9' title="bbox 76 654 1525 716; baseline 0.005 -18"><span class='ocrx_word' id='word_1_75' title='bbox 76 655 250 710; x_wconf 75' lang='grc' dir='ltr'><em>κάλαμοι</em></span> <span class='ocrx_word' id='word_1_76' title='bbox 268 654 435 707; x_wconf 81' lang='grc' dir='ltr'><em>πάντες,</em></span> <span class='ocrx_word' id='word_1_77' title='bbox 467 656 596 711; x_wconf 75' lang='grc' dir='ltr'><em>ὥσπερ</em></span> <span class='ocrx_word' id='word_1_78' title='bbox 624 654 747 708; x_wconf 74' lang='grc' dir='ltr'><em>αὕλὸς</em></span> <span class='ocrx_word' id='word_1_79' title='bbox 773 658 852 709; x_wconf 84' lang='grc' dir='ltr'><em>εἷς·</em></span> <span class='ocrx_word' id='word_1_80' title='bbox 884 661 1084 716; x_wconf 80' lang='grc' dir='ltr'><em>σύγκειται</em></span> <span class='ocrx_word' id='word_1_81' title='bbox 1105 662 1145 703; x_wconf 85' lang='grc' dir='ltr'>δὲ</span> <span class='ocrx_word' id='word_1_82' title='bbox 1163 660 1383 716; x_wconf 77' lang='grc' dir='ltr'><em>στοιχηδὸν,</em></span> <span class='ocrx_word' id='word_1_83' title='bbox 1411 663 1525 714; x_wconf 75' lang='grc' dir='ltr'><em>ἄλλος</em></span> 
     </span>
     <span class='ocr_line' id='line_1_10' title="bbox 77 711 1522 774; baseline 0.003 -18"><span class='ocrx_word' id='word_1_84' title='bbox 77 711 145 756; x_wconf 79' lang='grc' dir='ltr'>ἐπ’</span> <span class='ocrx_word' id='word_1_85' title='bbox 166 711 288 757; x_wconf 73' lang='grc' dir='ltr'><em>ἄλλον</em></span> <span class='ocrx_word' id='word_1_86' title='bbox 308 711 529 768; x_wconf 73' lang='grc' dir='ltr'><em>ἡνωμένος,</em></span> <span class='ocrx_word' id='word_1_87' title='bbox 549 724 627 755; x_wconf 84' lang='lat' dir='ltr'>etc.</span> <span class='ocrx_word' id='word_1_88' title='bbox 665 715 727 754; x_wconf 80' lang='lat' dir='ltr'>sic</span> <span class='ocrx_word' id='word_1_89' title='bbox 747 717 858 756; x_wconf 83' lang='lat' dir='ltr'>enim</span> <span class='ocrx_word' id='word_1_90' title='bbox 881 717 942 756; x_wconf 88' lang='lat' dir='ltr'>ibi</span> <span class='ocrx_word' id='word_1_91' title='bbox 965 717 1202 773; x_wconf 78' lang='lat' dir='ltr'>legendum,</span> <span class='ocrx_word' id='word_1_92' title='bbox 1236 722 1304 759; x_wconf 83' lang='lat' dir='ltr'>vel</span> <span class='ocrx_word' id='word_1_93' title='bbox 1328 719 1522 774; x_wconf 80' lang='grc' dir='ltr'><em>στιχηῦὸν,</em></span> 
     </span>
     <span class='ocr_line' id='line_1_11' title="bbox 77 768 1523 827; baseline 0.004 -16"><span class='ocrx_word' id='word_1_94' title='bbox 77 779 127 809; x_wconf 83' lang='lat' dir='ltr'>ut</span> <span class='ocrx_word' id='word_1_95' title='bbox 153 769 246 811; x_wconf 83' lang='lat' dir='ltr'>MS.</span> <span class='ocrx_word' id='word_1_96' title='bbox 283 771 458 812; x_wconf 78' lang='lat' dir='ltr'>Thuani.</span> <span class='ocrx_word' id='word_1_97' title='bbox 502 774 634 826; x_wconf 87' lang='lat' dir='ltr'>vulgo</span> <span class='ocrx_word' id='word_1_98' title='bbox 667 775 772 811; x_wconf 89' lang='lat' dir='ltr'>male</span> <span class='ocrx_word' id='word_1_99' title='bbox 805 773 1021 827; x_wconf 81' lang='grc' dir='ltr'><em>στυχηδόν·</em></span> <span class='ocrx_word' id='word_1_100' title='bbox 1064 772 1287 827; x_wconf 81' lang='grc' dir='ltr'><em>συνήνωται</em></span> <span class='ocrx_word' id='word_1_101' title='bbox 1315 768 1439 816; x_wconf 75' lang='lat' dir='ltr'>etiam</span> <span class='ocrx_word' id='word_1_102' title='bbox 1470 791 1523 817; x_wconf 79' lang='lat' dir='ltr'>ex</span> 
     </span>
     <span class='ocr_line' id='line_1_12' title="bbox 81 826 1524 882; baseline 0.004 -17"><span class='ocrx_word' id='word_1_103' title='bbox 81 827 350 866; x_wconf 74' lang='lat' dir='ltr'>Nazianzeno</span> <span class='ocrx_word' id='word_1_104' title='bbox 385 826 607 874; x_wconf 79' lang='lat' dir='ltr'>adferunt,</span> <span class='ocrx_word' id='word_1_105' title='bbox 647 827 720 866; x_wconf 87' lang='lat' dir='ltr'>sed</span> <span class='ocrx_word' id='word_1_106' title='bbox 755 829 807 870; x_wconf 89' lang='lat' dir='ltr'>de</span> <span class='ocrx_word' id='word_1_107' title='bbox 834 829 981 870; x_wconf 86' lang='lat' dir='ltr'>divina</span> <span class='ocrx_word' id='word_1_108' title='bbox 1008 832 1181 871; x_wconf 85' lang='lat' dir='ltr'>unione.</span> <span class='ocrx_word' id='word_1_109' title='bbox 1245 831 1429 882; x_wconf 80' lang='lat' dir='ltr'>Glossae,</span> <span class='ocrx_word' id='word_1_110' title='bbox 1458 835 1524 872; x_wconf 86' lang='lat' dir='ltr'>vel</span> 
     </span>
     <span class='ocr_line' id='line_1_13' title="bbox 78 882 1521 940; baseline 0.004 -18"><span class='ocrx_word' id='word_1_111' title='bbox 78 882 278 923; x_wconf 84' lang='lat' dir='ltr'>Lexicon</span> <span class='ocrx_word' id='word_1_112' title='bbox 304 883 494 925; x_wconf 87' lang='lat' dir='ltr'>Graecol.</span> <span class='ocrx_word' id='word_1_113' title='bbox 513 893 658 924; x_wconf 89' lang='lat' dir='ltr'>vetus:</span> <span class='ocrx_word' id='word_1_114' title='bbox 691 888 982 940; x_wconf 81' lang='grc' dir='ltr'><em>συνηνωμένος,</em></span> <span class='ocrx_word' id='word_1_115' title='bbox 1008 887 1219 937; x_wconf 64' lang='lat' dir='ltr'>Commu-s,</span> <span class='ocrx_word' id='word_1_116' title='bbox 1239 889 1521 931; x_wconf 61' lang='lat' dir='ltr'>continuatus.</span> 
     </span>
     <span class='ocr_line' id='line_1_14' title="bbox 79 937 1403 995; baseline 0.002 -15"><span class='ocrx_word' id='word_1_117' title='bbox 79 947 122 980; x_wconf 84' lang='lat' dir='ltr'>et</span> <span class='ocrx_word' id='word_1_118' title='bbox 135 937 311 994; x_wconf 76' lang='grc' dir='ltr'><em>ἥνωμαι,</em></span> <span class='ocrx_word' id='word_1_119' title='bbox 341 940 490 980; x_wconf 79' lang='lat' dir='ltr'>Hereo.</span> <span class='ocrx_word' id='word_1_120' title='bbox 521 937 735 992; x_wconf 71' lang='grc' dir='ltr'><em>ἡνωμένος,</em></span> <span class='ocrx_word' id='word_1_121' title='bbox 767 946 1046 995; x_wconf 71' lang='lat' dir='ltr'>continuatus,</span> <span class='ocrx_word' id='word_1_122' title='bbox 1077 945 1249 982; x_wconf 72' lang='lat' dir='ltr'>Herem.</span> <span class='ocrx_word' id='word_1_123' title='bbox 1302 950 1403 983; x_wconf 72' lang='lat' dir='ltr'>Iunc.</span> 
     </span>
    </p>

    <p class='ocr_par' dir='ltr' id='par_1_3' title="bbox 79 997 1522 1108">
     <span class='ocr_line' id='line_1_15' title="bbox 192 997 1522 1053; baseline 0.002 -15"><span class='ocrx_word' id='word_1_124' title='bbox 192 997 444 1049; x_wconf 83' lang='grc' dir='ltr'><em>συμφορεῖν]</em></span> <span class='ocrx_word' id='word_1_125' title='bbox 482 997 668 1036; x_wconf 84' lang='lat' dir='ltr'>Restitui</span> <span class='ocrx_word' id='word_1_126' title='bbox 689 1006 939 1050; x_wconf 79' lang='grc' dir='ltr'><em>συμφωνεῖν,</em></span> <span class='ocrx_word' id='word_1_127' title='bbox 979 1010 1022 1039; x_wconf 83' lang='lat' dir='ltr'>et</span> <span class='ocrx_word' id='word_1_128' title='bbox 1039 1013 1140 1038; x_wconf 77' lang='lat' dir='ltr'>mox</span> <span class='ocrx_word' id='word_1_129' title='bbox 1162 1005 1444 1053; x_wconf 78' lang='grc' dir='ltr'><em>συνηνῶσθαι,</em></span> <span class='ocrx_word' id='word_1_130' title='bbox 1476 1001 1522 1040; x_wconf 84' lang='lat' dir='ltr'>in</span> 
     </span>
     <span class='ocr_line' id='line_1_16' title="bbox 79 1053 818 1108; baseline 0.003 -17"><span class='ocrx_word' id='word_1_131' title='bbox 79 1066 166 1108; x_wconf 87' lang='lat' dir='ltr'>quo</span> <span class='ocrx_word' id='word_1_132' title='bbox 187 1053 415 1106; x_wconf 84' lang='lat' dir='ltr'>posteriori</span> <span class='ocrx_word' id='word_1_133' title='bbox 438 1053 573 1105; x_wconf 88' lang='lat' dir='ltr'>praeit</span> <span class='ocrx_word' id='word_1_134' title='bbox 588 1054 818 1100; x_wconf 70' lang='lat' dir='ltr'>Kuelmius,</span> 
     </span>
    </p>

    <p class='ocr_par' dir='ltr' id='par_1_4' title="bbox 182 1118 1523 1176">
     <span class='ocr_line' id='line_1_17' title="bbox 182 1118 1523 1176; baseline 0.001 -14"><span class='ocrx_word' id='word_1_135' title='bbox 182 1120 271 1160; x_wconf 58' lang='lat' dir='ltr'><strong>‘Pro</strong></span> <span class='ocrx_word' id='word_1_136' title='bbox 293 1121 486 1175; x_wconf 77' lang='grc' dir='ltr'>εἰλῆφθαι</span> <span class='ocrx_word' id='word_1_137' title='bbox 504 1124 599 1176; x_wconf 88' lang='lat' dir='ltr'>lego</span> <span class='ocrx_word' id='word_1_138' title='bbox 622 1122 804 1173; x_wconf 76' lang='grc' dir='ltr'><em>ἐνῆφθαι</em></span> <span class='ocrx_word' id='word_1_139' title='bbox 847 1122 947 1162; x_wconf 82' lang='lat' dir='ltr'>Nisi</span> <span class='ocrx_word' id='word_1_140' title='bbox 965 1123 1086 1162; x_wconf 83' lang='lat' dir='ltr'>malis</span> <span class='ocrx_word' id='word_1_141' title='bbox 1105 1118 1383 1175; x_wconf 56' lang='grc' dir='ltr'><em>συνειλῆφθαιζ</em></span> <span class='ocrx_word' id='word_1_142' title='bbox 1412 1130 1523 1163; x_wconf 76' lang='lat' dir='ltr'>Tour.</span> 
     </span>
    </p>

    <p class='ocr_par' dir='ltr' id='par_1_5' title="bbox 78 1176 1522 1289">
     <span class='ocr_line' id='line_1_18' title="bbox 191 1176 1522 1235; baseline 0.002 -17"><span class='ocrx_word' id='word_1_143' title='bbox 191 1177 395 1232; x_wconf 55' lang='grc' dir='ltr'>ἔχεσθαι]</span> <span class='ocrx_word' id='word_1_144' title='bbox 429 1177 521 1216; x_wconf 80' lang='lat' dir='ltr'>MS.</span> <span class='ocrx_word' id='word_1_145' title='bbox 547 1176 746 1231; x_wconf 76' lang='grc' dir='ltr'><em>εὔχεσθαι,</em></span> <span class='ocrx_word' id='word_1_146' title='bbox 781 1178 851 1217; x_wconf 81' lang='lat' dir='ltr'>sed</span> <span class='ocrx_word' id='word_1_147' title='bbox 879 1182 1014 1221; x_wconf 81' lang='lat' dir='ltr'>male:</span> <span class='ocrx_word' id='word_1_148' title='bbox 1046 1179 1208 1222; x_wconf 82' lang='lat' dir='ltr'>omittit</span> <span class='ocrx_word' id='word_1_149' title='bbox 1231 1178 1328 1219; x_wconf 86' lang='lat' dir='ltr'>dein</span> <span class='ocrx_word' id='word_1_150' title='bbox 1350 1181 1444 1232; x_wconf 87' lang='grc' dir='ltr'><em>μίαν</em></span> <span class='ocrx_word' id='word_1_151' title='bbox 1463 1197 1522 1235; x_wconf 75' lang='lat' dir='ltr'>yv-</span> 
     </span>
     <span class='ocr_line' id='line_1_19' title="bbox 78 1232 1116 1289; baseline -0.001 -12"><span class='ocrx_word' id='word_1_152' title='bbox 78 1233 191 1289; x_wconf 53' lang='grc' dir='ltr'><em>ᾔειν.</em></span> <span class='ocrx_word' id='word_1_153' title='bbox 221 1247 298 1287; x_wconf 87' lang='lat' dir='ltr'>pro</span> <span class='ocrx_word' id='word_1_154' title='bbox 321 1233 386 1276; x_wconf 85' lang='grc' dir='ltr'>ἶσα</span> <span class='ocrx_word' id='word_1_155' title='bbox 405 1233 502 1272; x_wconf 86' lang='lat' dir='ltr'>dein</span> <span class='ocrx_word' id='word_1_156' title='bbox 527 1232 618 1275; x_wconf 84' lang='lat' dir='ltr'>MS.</span> <span class='ocrx_word' id='word_1_157' title='bbox 645 1235 711 1275; x_wconf 79' lang='grc' dir='ltr'>ἰ’σα</span> <span class='ocrx_word' id='word_1_158' title='bbox 732 1233 796 1273; x_wconf 83' lang='lat' dir='ltr'>bis</span> <span class='ocrx_word' id='word_1_159' title='bbox 815 1234 956 1276; x_wconf 84' lang='lat' dir='ltr'>habet.</span> <span class='ocrx_word' id='word_1_160' title='bbox 1014 1242 1116 1276; x_wconf 66' lang='lat' dir='ltr'><strong>Imm.</strong></span> 
     </span>
    </p>

    <p class='ocr_par' dir='ltr' id='par_1_6' title="bbox 78 1286 1527 1501">
     <span class='ocr_line' id='line_1_20' title="bbox 192 1286 1522 1346; baseline -0.001 -15"><span class='ocrx_word' id='word_1_161' title='bbox 192 1286 316 1332; x_wconf 74' lang='grc' dir='ltr'>ταύτὰ</span> <span class='ocrx_word' id='word_1_162' title='bbox 337 1294 561 1335; x_wconf 75' lang='grc' dir='ltr'><em>λυπεῖσθαι,</em></span> <span class='ocrx_word' id='word_1_163' title='bbox 584 1291 695 1343; x_wconf 81' lang='lat' dir='ltr'>etc-J</span> <span class='ocrx_word' id='word_1_164' title='bbox 726 1292 896 1330; x_wconf 86' lang='lat' dir='ltr'><strong>Desunt</strong></span> <span class='ocrx_word' id='word_1_165' title='bbox 923 1291 965 1330; x_wconf 90' lang='lat' dir='ltr'>in</span> <span class='ocrx_word' id='word_1_166' title='bbox 981 1290 1074 1333; x_wconf 88' lang='lat' dir='ltr'>MS.</span> <span class='ocrx_word' id='word_1_167' title='bbox 1095 1305 1234 1346; x_wconf 10' lang='lat' dir='ltr'>usque?</span> <span class='ocrx_word' id='word_1_168' title='bbox 1250 1290 1299 1329; x_wconf 83' lang='lat' dir='ltr'>ad</span> <span class='ocrx_word' id='word_1_169' title='bbox 1312 1289 1359 1332; x_wconf 71' lang='grc' dir='ltr'>τὰ</span> <span class='ocrx_word' id='word_1_170' title='bbox 1380 1292 1422 1334; x_wconf 72' lang='grc' dir='ltr'>δὲ</span> <span class='ocrx_word' id='word_1_171' title='bbox 1443 1293 1522 1331; x_wconf 78' lang='lat' dir='ltr'>etc.</span> 
     </span>
     <span class='ocr_line' id='line_1_21' title="bbox 80 1345 1526 1402; baseline 0.001 -14"><span class='ocrx_word' id='word_1_172' title='bbox 80 1357 124 1388; x_wconf 82' lang='lat' dir='ltr'>et</span> <span class='ocrx_word' id='word_1_173' title='bbox 143 1361 222 1402; x_wconf 82' lang='lat' dir='ltr'>pro</span> <span class='ocrx_word' id='word_1_174' title='bbox 241 1346 327 1385; x_wconf 88' lang='lat' dir='ltr'>illis</span> <span class='ocrx_word' id='word_1_175' title='bbox 345 1346 433 1388; x_wconf 88' lang='lat' dir='ltr'>MS.</span> <span class='ocrx_word' id='word_1_176' title='bbox 458 1356 621 1385; x_wconf 85' lang='lat' dir='ltr'>tantum</span> <span class='ocrx_word' id='word_1_177' title='bbox 641 1348 709 1389; x_wconf 87' lang='grc' dir='ltr'>καὶ</span> <span class='ocrx_word' id='word_1_178' title='bbox 723 1345 768 1389; x_wconf 69' lang='grc' dir='ltr'>τοὶ</span> <span class='ocrx_word' id='word_1_179' title='bbox 791 1345 908 1401; x_wconf 75' lang='grc' dir='ltr'><em>ὅμοια</em></span> <span class='ocrx_word' id='word_1_180' title='bbox 931 1348 1070 1388; x_wconf 82' lang='lat' dir='ltr'>habet.</span> <span class='ocrx_word' id='word_1_181' title='bbox 1129 1348 1181 1387; x_wconf 90' lang='lat' dir='ltr'>In</span> <span class='ocrx_word' id='word_1_182' title='bbox 1211 1347 1394 1402; x_wconf 85' lang='lat' dir='ltr'>vulgatis</span> <span class='ocrx_word' id='word_1_183' title='bbox 1418 1347 1526 1389; x_wconf 83' lang='lat' dir='ltr'>mihi</span> 
     </span>
     <span class='ocr_line' id='line_1_22' title="bbox 80 1402 1527 1500; baseline 0 -56"><span class='ocrx_word' id='word_1_184' title='bbox 80 1412 275 1500; x_wconf 59' lang='lat' dir='ltr'>⁸¹¹}P30ta</span> <span class='ocrx_word' id='word_1_185' title='bbox 293 1403 373 1442; x_wconf 85' lang='lat' dir='ltr'>ista</span> <span class='ocrx_word' id='word_1_186' title='bbox 390 1402 458 1444; x_wconf 76' lang='grc' dir='ltr'>ἕνα</span> <span class='ocrx_word' id='word_1_187' title='bbox 477 1406 604 1456; x_wconf 82' lang='grc' dir='ltr'><em>δῆμον</em></span> <span class='ocrx_word' id='word_1_188' title='bbox 623 1402 746 1446; x_wconf 80' lang='grc' dir='ltr'><em>εἶναι·</em></span> <span class='ocrx_word' id='word_1_189' title='bbox 779 1418 857 1444; x_wconf 81' lang='lat' dir='ltr'>nec</span> <span class='ocrx_word' id='word_1_190' title='bbox 880 1405 917 1443; x_wconf 86' lang='lat' dir='ltr'>si</span> <span class='ocrx_word' id='word_1_191' title='bbox 936 1402 1073 1458; x_wconf 78' lang='grc' dir='ltr'><em>θυμὸν</em></span> <span class='ocrx_word' id='word_1_192' title='bbox 1094 1406 1297 1460; x_wconf 72' lang='lat' dir='ltr'>legamuS,</span> <span class='ocrx_word' id='word_1_193' title='bbox 1324 1403 1432 1443; x_wconf 87' lang='lat' dir='ltr'>mihi</span> <span class='ocrx_word' id='word_1_194' title='bbox 1456 1417 1527 1444; x_wconf 80' lang='lat' dir='ltr'>sa-</span> 
     </span>
     <span class='ocr_line' id='line_1_23' title="bbox 78 1460 429 1501; baseline 0 0"><span class='ocrx_word' id='word_1_195' title='bbox 78 1461 134 1501; x_wconf 80' lang='lat' dir='ltr'>tis</span> <span class='ocrx_word' id='word_1_196' title='bbox 159 1460 265 1501; x_wconf 81' lang='lat' dir='ltr'>acio.</span> <span class='ocrx_word' id='word_1_197' title='bbox 322 1465 429 1501; x_wconf 73' lang='lat' dir='ltr'>IuNo.</span> 
     </span>
    </p>
   </div>
   <div class='ocr_carea' id='block_1_3' title="bbox 81 1579 1531 1853">
    <p class='ocr_par' dir='ltr' id='par_1_7' title="bbox 81 1579 1531 1853">
     <span class='ocr_line' id='line_1_24' title="bbox 194 1579 1530 1639; baseline -0.002 -11"><span class='ocrx_word' id='word_1_198' title='bbox 194 1582 426 1638; x_wconf 73' lang='grc' dir='ltr'><em>ἀνάκρισις]</em></span> <span class='ocrx_word' id='word_1_199' title='bbox 458 1582 539 1624; x_wconf 83' lang='lat' dir='ltr'>Sed</span> <span class='ocrx_word' id='word_1_200' title='bbox 567 1599 723 1639; x_wconf 84' lang='lat' dir='ltr'>quaeso</span> <span class='ocrx_word' id='word_1_201' title='bbox 742 1594 785 1624; x_wconf 81' lang='lat' dir='ltr'>te</span> <span class='ocrx_word' id='word_1_202' title='bbox 808 1582 911 1638; x_wconf 86' lang='lat' dir='ltr'>quid</span> <span class='ocrx_word' id='word_1_203' title='bbox 934 1597 1076 1623; x_wconf 84' lang='lat' dir='ltr'>verum</span> <span class='ocrx_word' id='word_1_204' title='bbox 1098 1583 1170 1623; x_wconf 78' lang='lat' dir='ltr'>hic</span> <span class='ocrx_word' id='word_1_205' title='bbox 1189 1583 1279 1639; x_wconf 86' lang='lat' dir='ltr'>agit</span> <span class='ocrx_word' id='word_1_206' title='bbox 1291 1579 1530 1639; x_wconf 72' lang='grc' dir='ltr'><em>ἄνᾶκρισιςΡ</em></span> 
     </span>
     <span class='ocr_line' id='line_1_25' title="bbox 82 1638 1528 1698; baseline -0.004 -14"><span class='ocrx_word' id='word_1_207' title='bbox 82 1656 161 1698; x_wconf 85' lang='lat' dir='ltr'>ego</span> <span class='ocrx_word' id='word_1_208' title='bbox 184 1657 271 1682; x_wconf 88' lang='lat' dir='ltr'>non</span> <span class='ocrx_word' id='word_1_209' title='bbox 289 1640 439 1680; x_wconf 84' lang='lat' dir='ltr'>dubito</span> <span class='ocrx_word' id='word_1_210' title='bbox 461 1640 564 1695; x_wconf 88' lang='lat' dir='ltr'>quin</span> <span class='ocrx_word' id='word_1_211' title='bbox 585 1643 738 1681; x_wconf 77' lang='lat' dir='ltr'>Pollux</span> <span class='ocrx_word' id='word_1_212' title='bbox 755 1638 974 1694; x_wconf 73' lang='grc' dir='ltr'><em>ἀνάκρασις</em></span> <span class='ocrx_word' id='word_1_213' title='bbox 994 1640 1223 1693; x_wconf 82' lang='lat' dir='ltr'>scripserit,</span> <span class='ocrx_word' id='word_1_214' title='bbox 1245 1641 1390 1694; x_wconf 85' lang='lat' dir='ltr'>itaque</span> <span class='ocrx_word' id='word_1_215' title='bbox 1408 1654 1528 1692; x_wconf 78' lang='lat' dir='ltr'>repo-</span> 
     </span>
     <span class='ocr_line' id='line_1_26' title="bbox 81 1694 1527 1751; baseline -0.003 -11"><span class='ocrx_word' id='word_1_216' title='bbox 81 1698 266 1740; x_wconf 88' lang='lat' dir='ltr'>nendum</span> <span class='ocrx_word' id='word_1_217' title='bbox 291 1697 360 1748; x_wconf 84' lang='lat' dir='ltr'>sit,</span> <span class='ocrx_word' id='word_1_218' title='bbox 393 1711 415 1736; x_wconf 88' lang='lat' dir='ltr'>a</span> <span class='ocrx_word' id='word_1_219' title='bbox 438 1695 707 1750; x_wconf 85' lang='lat' dir='ltr'>praecedenti</span> <span class='ocrx_word' id='word_1_220' title='bbox 722 1697 851 1738; x_wconf 88' lang='lat' dir='ltr'>verbo</span> <span class='ocrx_word' id='word_1_221' title='bbox 871 1694 1527 1751; x_wconf 57' lang='lat' dir='ltr'>segni-praeced.nivananoimffon·</span> 
     </span>
     <span class='ocr_line' id='line_1_27' title="bbox 83 1750 1531 1809; baseline -0.003 -14"><span class='ocrx_word' id='word_1_222' title='bbox 83 1756 156 1795; x_wconf 89' lang='lat' dir='ltr'>ubi</span> <span class='ocrx_word' id='word_1_223' title='bbox 181 1754 322 1796; x_wconf 84' lang='lat' dir='ltr'>hercle</span> <span class='ocrx_word' id='word_1_224' title='bbox 355 1750 584 1809; x_wconf 73' lang='grc' dir='ltr'><em>ἄνακρίνειν</em></span> <span class='ocrx_word' id='word_1_225' title='bbox 612 1763 791 1794; x_wconf 83' lang='lat' dir='ltr'>aetatem</span> <span class='ocrx_word' id='word_1_226' title='bbox 823 1767 1023 1808; x_wconf 87' lang='lat' dir='ltr'>quaeras,</span> <span class='ocrx_word' id='word_1_227' title='bbox 1062 1762 1103 1793; x_wconf 88' lang='lat' dir='ltr'>et</span> <span class='ocrx_word' id='word_1_228' title='bbox 1133 1752 1277 1807; x_wconf 85' lang='lat' dir='ltr'>inepte</span> <span class='ocrx_word' id='word_1_229' title='bbox 1300 1766 1471 1808; x_wconf 86' lang='lat' dir='ltr'>quaeras</span> <span class='ocrx_word' id='word_1_230' title='bbox 1487 1761 1531 1792; x_wconf 86' lang='lat' dir='ltr'>et</span> 
     </span>
     <span class='ocr_line' id='line_1_28' title="bbox 82 1813 419 1853; baseline -0.006 -1"><span class='ocrx_word' id='word_1_231' title='bbox 82 1813 253 1853; x_wconf 78' lang='lat' dir='ltr'>frustra.</span> <span class='ocrx_word' id='word_1_232' title='bbox 311 1817 419 1850; x_wconf 69' lang='lat' dir='ltr'>Iuno.</span> 
     </span>
    </p>
   </div>
   <div class='ocr_carea' id='block_1_4' title="bbox 82 1872 1540 2500">
    <p class='ocr_par' dir='ltr' id='par_1_8' title="bbox 82 1872 1531 1977">
     <span class='ocr_line' id='line_1_29' title="bbox 194 1872 1531 1934; baseline -0.007 -11"><span class='ocrx_word' id='word_1_233' title='bbox 194 1877 431 1934; x_wconf 63' lang='grc' dir='ltr'><em>ἀνάκρισις]</em></span> <span class='ocrx_word' id='word_1_234' title='bbox 455 1879 620 1918; x_wconf 85' lang='lat' dir='ltr'>Ducem</span> <span class='ocrx_word' id='word_1_235' title='bbox 638 1887 841 1934; x_wconf 86' lang='lat' dir='ltr'>sequutus</span> <span class='ocrx_word' id='word_1_236' title='bbox 855 1878 1208 1930; x_wconf 75' lang='lat' dir='ltr'>langermannum</span> <span class='ocrx_word' id='word_1_237' title='bbox 1228 1872 1446 1931; x_wconf 70' lang='grc' dir='ltr'><em>ἀνάκρασις</em></span> <span class='ocrx_word' id='word_1_238' title='bbox 1465 1888 1531 1914; x_wconf 87' lang='lat' dir='ltr'>re-</span> 
     </span>
     <span class='ocr_line' id='line_1_30' title="bbox 82 1937 221 1977; baseline -0.007 0"><span class='ocrx_word' id='word_1_239' title='bbox 82 1937 221 1977; x_wconf 84' lang='lat' dir='ltr'>stitui.</span> 
     </span>
    </p>

    <p class='ocr_par' dir='ltr' id='par_1_9' title="bbox 82 1997 1536 2170">
     <span class='ocr_line' id='line_1_31' title="bbox 195 1997 1535 2059; baseline -0.005 -12"><span class='ocrx_word' id='word_1_240' title='bbox 195 2001 448 2059; x_wconf 76' lang='grc' dir='ltr'><em>Πλάτωνος]</em></span> <span class='ocrx_word' id='word_1_241' title='bbox 488 2003 549 2043; x_wconf 89' lang='lat' dir='ltr'>Ut</span> <span class='ocrx_word' id='word_1_242' title='bbox 578 2002 622 2041; x_wconf 87' lang='lat' dir='ltr'>in</span> <span class='ocrx_word' id='word_1_243' title='bbox 657 2005 846 2044; x_wconf 81' lang='lat' dir='ltr'>Timaeo:</span> <span class='ocrx_word' id='word_1_244' title='bbox 887 2002 953 2045; x_wconf 84' lang='grc' dir='ltr'>καὶ</span> <span class='ocrx_word' id='word_1_245' title='bbox 970 2000 1040 2050; x_wconf 75' lang='grc' dir='ltr'>τὰς</span> <span class='ocrx_word' id='word_1_246' title='bbox 1058 2006 1138 2043; x_wconf 77' lang='grc' dir='ltr'>τῶν</span> <span class='ocrx_word' id='word_1_247' title='bbox 1154 1997 1347 2056; x_wconf 72' lang='grc' dir='ltr'><em>ἡμιολίων</em></span> <span class='ocrx_word' id='word_1_248' title='bbox 1364 2000 1431 2042; x_wconf 83' lang='grc' dir='ltr'>καὶ</span> <span class='ocrx_word' id='word_1_249' title='bbox 1447 1999 1535 2041; x_wconf 78' lang='grc' dir='ltr'><em>ἔπι-</em></span> 
     </span>
     <span class='ocr_line' id='line_1_32' title="bbox 82 2056 1536 2116; baseline -0.006 -12"><span class='ocrx_word' id='word_1_250' title='bbox 82 2063 224 2116; x_wconf 84' lang='grc' dir='ltr'><em>τρίτων</em></span> <span class='ocrx_word' id='word_1_251' title='bbox 259 2062 327 2103; x_wconf 82' lang='grc' dir='ltr'>καὶ</span> <span class='ocrx_word' id='word_1_252' title='bbox 353 2059 559 2116; x_wconf 79' lang='grc' dir='ltr'><em>ἐπογδόων</em></span> <span class='ocrx_word' id='word_1_253' title='bbox 589 2057 804 2112; x_wconf 82' lang='grc' dir='ltr'><em>μεσότητας</em></span> <span class='ocrx_word' id='word_1_254' title='bbox 830 2061 896 2102; x_wconf 82' lang='grc' dir='ltr'>καὶ</span> <span class='ocrx_word' id='word_1_255' title='bbox 935 2059 1147 2109; x_wconf 82' lang='grc' dir='ltr'><em>ξυνὸέσεις,</em></span> <span class='ocrx_word' id='word_1_256' title='bbox 1176 2056 1309 2111; x_wconf 76' lang='grc' dir='ltr'><em>ἐπειδὴ</em></span> <span class='ocrx_word' id='word_1_257' title='bbox 1337 2060 1536 2105; x_wconf 73' lang='grc' dir='ltr'><em>παντελῶς</em></span> 
     </span>
     <span class='ocr_line' id='line_1_33' title="bbox 85 2112 1393 2170; baseline -0.005 -9"><span class='ocrx_word' id='word_1_258' title='bbox 85 2114 202 2161; x_wconf 77' lang='grc' dir='ltr'><em>αὗται</em></span> <span class='ocrx_word' id='word_1_259' title='bbox 221 2115 296 2160; x_wconf 74' lang='grc' dir='ltr'><em>οὐκ</em></span> <span class='ocrx_word' id='word_1_260' title='bbox 317 2112 432 2170; x_wconf 74' lang='grc' dir='ltr'><em>ἦσαν,</em></span> <span class='ocrx_word' id='word_1_261' title='bbox 461 2118 526 2158; x_wconf 82' lang='grc' dir='ltr'>καὶ</span> <span class='ocrx_word' id='word_1_262' title='bbox 547 2117 640 2170; x_wconf 85' lang='grc' dir='ltr'><em>πρὶν</em></span> <span class='ocrx_word' id='word_1_263' title='bbox 663 2113 739 2158; x_wconf 69' lang='grc' dir='ltr'>ὑπὸ</span> <span class='ocrx_word' id='word_1_264' title='bbox 761 2121 832 2159; x_wconf 85' lang='grc' dir='ltr'><em>τοῦ</em></span> <span class='ocrx_word' id='word_1_265' title='bbox 856 2113 1126 2168; x_wconf 81' lang='grc' dir='ltr'><em>ξυνδήσαντος</em></span> <span class='ocrx_word' id='word_1_266' title='bbox 1147 2124 1228 2156; x_wconf 83' lang='lat' dir='ltr'>etc.</span> <span class='ocrx_word' id='word_1_267' title='bbox 1286 2121 1393 2154; x_wconf 80' lang='lat' dir='ltr'><strong>IUNG.</strong></span> 
     </span>
    </p>

    <p class='ocr_par' dir='ltr' id='par_1_10' title="bbox 195 2170 1048 2231">
     <span class='ocr_line' id='line_1_34' title="bbox 195 2170 1048 2231; baseline -0.008 -14"><span class='ocrx_word' id='word_1_268' title='bbox 195 2172 469 2231; x_wconf 72' lang='grc' dir='ltr'><em>ἆπεῤῥῆχθαι]</em></span> <span class='ocrx_word' id='word_1_269' title='bbox 507 2174 600 2214; x_wconf 83' lang='lat' dir='ltr'>MS.</span> <span class='ocrx_word' id='word_1_270' title='bbox 618 2170 877 2226; x_wconf 71' lang='grc' dir='ltr'><em>οἷπερᾇχθαι.</em></span> <span class='ocrx_word' id='word_1_271' title='bbox 938 2178 1048 2211; x_wconf 81' lang='lat' dir='ltr'><strong>IUNG.</strong></span> 
     </span>
    </p>

    <p class='ocr_par' dir='ltr' id='par_1_11' title="bbox 82 2228 1540 2500">
     <span class='ocr_line' id='line_1_35' title="bbox 194 2228 1537 2285; baseline -0.007 -11"><span class='ocrx_word' id='word_1_272' title='bbox 194 2235 492 2285; x_wconf 80' lang='grc' dir='ltr'><em>θορυβοῦσθαι,</em></span> <span class='ocrx_word' id='word_1_273' title='bbox 512 2231 680 2283; x_wconf 83' lang='grc' dir='ltr'><em>νοσεῖν-]</em></span> <span class='ocrx_word' id='word_1_274' title='bbox 702 2230 792 2271; x_wconf 87' lang='lat' dir='ltr'>MS.</span> <span class='ocrx_word' id='word_1_275' title='bbox 810 2232 1091 2283; x_wconf 72' lang='grc' dir='ltr'><em>θορυβεῖσθαι,</em></span> <span class='ocrx_word' id='word_1_276' title='bbox 1111 2233 1233 2270; x_wconf 85' lang='grc' dir='ltr'><em>νοεῖν.</em></span> <span class='ocrx_word' id='word_1_277' title='bbox 1266 2228 1321 2266; x_wconf 81' lang='lat' dir='ltr'>Et</span> <span class='ocrx_word' id='word_1_278' title='bbox 1339 2230 1537 2279; x_wconf 79' lang='grc' dir='ltr'><em>θορυβεῖ-</em></span> 
     </span>
     <span class='ocr_line' id='line_1_36' title="bbox 84 2286 1536 2343; baseline -0.008 -10"><span class='ocrx_word' id='word_1_279' title='bbox 84 2297 182 2333; x_wconf 84' lang='grc' dir='ltr'><em>σθαι</em></span> <span class='ocrx_word' id='word_1_280' title='bbox 203 2287 374 2343; x_wconf 88' lang='lat' dir='ltr'>quidem</span> <span class='ocrx_word' id='word_1_281' title='bbox 401 2302 488 2327; x_wconf 87' lang='lat' dir='ltr'>non</span> <span class='ocrx_word' id='word_1_282' title='bbox 512 2287 652 2325; x_wconf 84' lang='lat' dir='ltr'>minus</span> <span class='ocrx_word' id='word_1_283' title='bbox 672 2298 830 2325; x_wconf 82' lang='lat' dir='ltr'>rectum</span> <span class='ocrx_word' id='word_1_284' title='bbox 846 2297 919 2333; x_wconf 75' lang='lat' dir='ltr'>est,</span> <span class='ocrx_word' id='word_1_285' title='bbox 954 2300 1076 2339; x_wconf 83' lang='lat' dir='ltr'>quam</span> <span class='ocrx_word' id='word_1_286' title='bbox 1098 2289 1310 2339; x_wconf 83' lang='lat' dir='ltr'>vulgatum</span> <span class='ocrx_word' id='word_1_287' title='bbox 1334 2286 1536 2336; x_wconf 82' lang='grc' dir='ltr'><em>θορυβοῦ-</em></span> 
     </span>
     <span class='ocr_line' id='line_1_37' title="bbox 84 2344 1537 2395; baseline -0.01 -6"><span class='ocrx_word' id='word_1_288' title='bbox 84 2354 194 2389; x_wconf 85' lang='grc' dir='ltr'><em>σθαι.</em></span> <span class='ocrx_word' id='word_1_289' title='bbox 257 2344 342 2386; x_wconf 87' lang='lat' dir='ltr'>Sed</span> <span class='ocrx_word' id='word_1_290' title='bbox 375 2351 487 2387; x_wconf 87' lang='grc' dir='ltr'><em>νοεῖν</em></span> <span class='ocrx_word' id='word_1_291' title='bbox 515 2344 668 2383; x_wconf 84' lang='lat' dir='ltr'>falsum</span> <span class='ocrx_word' id='word_1_292' title='bbox 692 2354 768 2384; x_wconf 89' lang='lat' dir='ltr'>est.</span> <span class='ocrx_word' id='word_1_293' title='bbox 799 2349 937 2385; x_wconf 89' lang='grc' dir='ltr'><em>νοσεῖν</em></span> <span class='ocrx_word' id='word_1_294' title='bbox 961 2345 1176 2395; x_wconf 80' lang='lat' dir='ltr'>vulgatum</span> <span class='ocrx_word' id='word_1_295' title='bbox 1197 2351 1380 2387; x_wconf 84' lang='lat' dir='ltr'>rectum;</span> <span class='ocrx_word' id='word_1_296' title='bbox 1413 2353 1435 2377; x_wconf 88' lang='lat' dir='ltr'>a</span> <span class='ocrx_word' id='word_1_297' title='bbox 1455 2353 1537 2392; x_wconf 91' lang='lat' dir='ltr'>quo</span> 
     </span>
     <span class='ocr_line' id='line_1_38' title="bbox 83 2394 1540 2453; baseline -0.01 -8"><span class='ocrx_word' id='word_1_298' title='bbox 83 2413 125 2445; x_wconf 85' lang='lat' dir='ltr'>et</span> <span class='ocrx_word' id='word_1_299' title='bbox 149 2417 249 2442; x_wconf 85' lang='lat' dir='ltr'>mox</span> <span class='ocrx_word' id='word_1_300' title='bbox 273 2404 394 2450; x_wconf 85' lang='grc' dir='ltr'><em>νόσος</em></span> <span class='ocrx_word' id='word_1_301' title='bbox 414 2415 492 2453; x_wconf 87' lang='lat' dir='ltr'>pro</span> <span class='ocrx_word' id='word_1_302' title='bbox 521 2398 666 2442; x_wconf 75' lang='grc' dir='ltr'><em>στάσει.</em></span> <span class='ocrx_word' id='word_1_303' title='bbox 696 2398 790 2440; x_wconf 87' lang='lat' dir='ltr'>vid.</span> <span class='ocrx_word' id='word_1_304' title='bbox 816 2401 875 2440; x_wconf 77' lang='lat' dir='ltr'>H.</span> <span class='ocrx_word' id='word_1_305' title='bbox 909 2399 1111 2450; x_wconf 74' lang='lat' dir='ltr'>Stephani</span> <span class='ocrx_word' id='word_1_306' title='bbox 1141 2396 1429 2445; x_wconf 80' lang='lat' dir='ltr'>Thesaurum‚</span> <span class='ocrx_word' id='word_1_307' title='bbox 1467 2394 1540 2449; x_wconf 89' lang='lat' dir='ltr'>qui</span> 
     </span>
     <span class='ocr_line' id='line_1_39' title="bbox 82 2457 790 2500; baseline -0.004 0"><span class='ocrx_word' id='word_1_308' title='bbox 82 2459 166 2500; x_wconf 86' lang='lat' dir='ltr'>tibi</span> <span class='ocrx_word' id='word_1_309' title='bbox 187 2458 355 2498; x_wconf 83' lang='lat' dir='ltr'>abunde</span> <span class='ocrx_word' id='word_1_310' title='bbox 375 2457 623 2496; x_wconf 79' lang='lat' dir='ltr'>satisfaciet.</span> <span class='ocrx_word' id='word_1_311' title='bbox 683 2462 790 2497; x_wconf 68' lang='lat' dir='ltr'><strong>Imm.</strong></span> 
     </span>
    </p>
   </div>
   <div class='ocr_carea' id='block_1_5' title="bbox 83 2515 1538 2644">
    <p class='ocr_par' dir='ltr' id='par_1_12' title="bbox 83 2515 1538 2644">
     <span class='ocr_line' id='line_1_40' title="bbox 195 2515 1538 2578; baseline -0.007 -15"><span class='ocrx_word' id='word_1_312' title='bbox 195 2522 440 2578; x_wconf 76' lang='grc' dir='ltr'><em>ἐφεστᾶναι]</em></span> <span class='ocrx_word' id='word_1_313' title='bbox 483 2522 658 2575; x_wconf 88' lang='lat' dir='ltr'>Corrige</span> <span class='ocrx_word' id='word_1_314' title='bbox 695 2521 893 2562; x_wconf 87' lang='lat' dir='ltr'>audacter</span> <span class='ocrx_word' id='word_1_315' title='bbox 910 2517 1169 2574; x_wconf 52' lang='lat' dir='ltr'>‘vig-omnivm,</span> <span class='ocrx_word' id='word_1_316' title='bbox 1201 2531 1249 2558; x_wconf 89' lang='lat' dir='ltr'>ut</span> <span class='ocrx_word' id='word_1_317' title='bbox 1270 2519 1422 2558; x_wconf 84' lang='lat' dir='ltr'>diserte</span> <span class='ocrx_word' id='word_1_318' title='bbox 1445 2515 1538 2555; x_wconf 86' lang='lat' dir='ltr'>MS.</span> 
     </span>
     <span class='ocr_line' id='line_1_41' title="bbox 83 2572 1538 2644; baseline -0.006 -24"><span class='ocrx_word' id='word_1_319' title='bbox 83 2590 228 2620; x_wconf 87' lang='lat' dir='ltr'>noster</span> <span class='ocrx_word' id='word_1_320' title='bbox 255 2580 405 2630; x_wconf 83' lang='lat' dir='ltr'>habet,</span> <span class='ocrx_word' id='word_1_321' title='bbox 441 2591 605 2644; x_wconf 59' lang='lat' dir='ltr'>eguque</span> <span class='ocrx_word' id='word_1_322' title='bbox 625 2578 726 2615; x_wconf 87' lang='lat' dir='ltr'>olim</span> <span class='ocrx_word' id='word_1_323' title='bbox 747 2578 805 2616; x_wconf 88' lang='lat' dir='ltr'>ita</span> <span class='ocrx_word' id='word_1_324' title='bbox 819 2579 1077 2617; x_wconf 85' lang='lat' dir='ltr'>conieceram</span> <span class='ocrx_word' id='word_1_325' title='bbox 1099 2577 1150 2615; x_wconf 87' lang='lat' dir='ltr'>ad</span> <span class='ocrx_word' id='word_1_326' title='bbox 1170 2590 1305 2615; x_wconf 86' lang='lat' dir='ltr'>meum</span> <span class='ocrx_word' id='word_1_327' title='bbox 1325 2572 1538 2614; x_wconf 78' lang='lat' dir='ltr'>codicem.</span> 
     </span>
    </p>
   </div>
   <div class='ocr_carea' id='block_1_6' title="bbox 83 2632 1355 2687">
    <p class='ocr_par' dir='ltr' id='par_1_13' title="bbox 83 2632 1355 2687">
     <span class='ocr_line' id='line_1_42' title="bbox 83 2632 1355 2687; baseline -0.007 -11"><span class='ocrx_word' id='word_1_328' title='bbox 83 2636 185 2676; x_wconf 82' lang='lat' dir='ltr'>inde</span> <span class='ocrx_word' id='word_1_329' title='bbox 216 2635 413 2674; x_wconf 82' lang='lat' dir='ltr'>nimirum</span> <span class='ocrx_word' id='word_1_330' title='bbox 439 2645 670 2679; x_wconf 72' lang='grc' dir='ltr'><em>αποστασις,</em></span> <span class='ocrx_word' id='word_1_331' title='bbox 707 2632 845 2684; x_wconf 86' lang='lat' dir='ltr'>ipsum</span> <span class='ocrx_word' id='word_1_332' title='bbox 864 2637 1037 2687; x_wconf 70' lang='grc' dir='ltr'><em>πρᾶγμα,</em></span> <span class='ocrx_word' id='word_1_333' title='bbox 1070 2646 1186 2671; x_wconf 86' lang='lat' dir='ltr'><strong>mox.</strong></span> <span class='ocrx_word' id='word_1_334' title='bbox 1246 2636 1355 2668; x_wconf 68' lang='lat' dir='ltr'><strong>Imm.</strong></span> 
     </span>
    </p>
   </div>
  </div>
 </body>
</html>
