1664 3016
685 136 809 179 VIII.
869 142 962 183 124.
1468 145 1553 187 799

92 242 230 291 κὸτων
254 249 430 288 Polluci
465 257 626 290 nostro.
684 250 763 289 Est
795 265 896 292 vero
930 250 1038 292 illud
1071 250 1362 304 α’νεπόπτευτος
1383 267 1555 310 quoque

100 318 155 344 ex
187 305 404 358 Hyper-ide
438 304 585 346 eodem
629 320 651 345 a
675 308 828 346 Nostro
855 311 1028 348 allatum
1061 323 1188 364 supra
1216 310 1278 358 Π,
1304 311 1370 354 58.
1401 320 1445 351 et
1462 313 1556 365 pari

96 360 228 401 modo
246 371 297 400 ut
333 361 408 401 hic
437 361 482 400 in
512 363 699 417 vulgatis
733 375 1002 419 corruptum:
1038 369 1167 406 semel
1194 369 1557 408 tameninmrrn-

95 426 218 472 ptum
249 418 408 458 mansit
435 418 547 457 infra
578 433 703 474 segm.
736 421 827 462 141.
868 421 983 477 quod
1006 421 1223 474 adscribo,
1256 433 1302 464 ut
1329 434 1474 464 nostra
1498 439 1553 465 ex

95 475 272 513 Polluce
302 474 399 528 ipso
445 473 682 516 firmissime
709 475 970 519 adserantur.
1034 478 1097 518 ibi
1135 483 1451 535 mpmxocm'oac,
1491 482 1555 522 ait

96 531 274 578 Pollux,
307 533 350 574 δὲ
376 529 427 574 τό
448 530 724 585 δικαστήριον,
754 531 874 578 ὁπότε
898 538 994 588 περὶ
1019 537 1222 587 μυστικῶν
1250 536 1457 588 δικάζοιεν,
1487 543 1554 582 ἵνα

94 585 324 656 μῆιιρρσίῃ
353 591 493 642 μηδεὶς
517 585 806 640 οἷνεπόπτευτος
830 592 900 634 ὤν.
957 593 1090 634 Imm·
1582 594 1589 601 “

209 643 539 699 ανυπόπτευτος]
599 645 894 699 οἷνεπόπτευτος
934 663 1027 688 cum
1055 649 1246 688 Kuehnio
1274 649 1470 698 restitui,
1509 660 1554 692 et

97 700 159 740 ita
178 702 508 756 Falekenburgii
529 702 692 745 Codex.
729 708 874 762 προσίῃ
895 705 1077 745 malebat
1097 707 1315 746 Kuehnius
1343 708 1388 746 in
1414 717 1551 756 textu,

96 767 141 798 et
161 768 274 799 certe
293 759 444 798 Noster
474 774 600 814 segm.
630 761 722 803 141.
757 762 875 817 ipsus
906 763 968 802 ita
994 761 1146 812 habet,
1175 762 1248 804 sed
1269 773 1424 815 tamen,
1454 778 1551 804 oum

96 815 243 855 sensui
271 816 403 875 προσῇ
428 815 626 869 sufficiat,
654 832 744 858 non
774 820 952 861 mutavi.

207 872 433 927 κιγκλίδες]
497 875 712 914 Βενηοειίι.
753 886 900 916 eontra
927 877 1119 927 Arestog.
1149 873 1228 917 oe’no'
1253 876 1324 927 τῆς
1352 875 1552 927 ἀσθενοῦς

93 933 263 979 ταυτησὶ
300 932 523 985 κιγκλίδος,
558 931 706 971 horum
744 933 1014 972 imbecillium
1048 934 1329 972 cancellorum
1356 934 1552 984 beneficio

94 994 287 1026 senatum
321 990 648 1041 quingentorum
680 991 728 1027 in
750 998 958 1042 potestate
982 988 1135 1028 habere
1172 1004 1356 1037 arcana,
1393 991 1549 1045 inquit.

95 1043 321 1096 Agathiae
354 1043 449 1084 libr.
478 1044 512 1087 1.
539 1045 656 1085 Hist.
698 1047 939 1093 Romanos,
980 1044 1235 1085 iudiciorum
1267 1046 1552 1087 moderatores

95 1101 143 1143 ἔκ
175 1100 257 1142 τῶν
286 1103 498 1156 κιγκλίδων
527 1096 801 1155 ἔπουομᾶζειν,
834 1118 862 1141 a
893 1103 1102 1143 Cancellis
1134 1102 1410 1156 denominare,
1440 1103 1553 1144 Can-

94 1156 284 1197 cellarios
311 1167 430 1212 puta.
490 1158 572 1198 Lis
603 1173 711 1212 quae
745 1158 936 1199 nondum
965 1158 1016 1198 ad
1034 1159 1248 1212 liquidum
1274 1158 1453 1199 deducta
1471 1171 1550 1210 est,

97 1215 314 1267 κιγκλίδων
334 1214 396 1257 ἔτι
414 1217 559 1258 δέουσα
580 1218 646 1258 καὶ
661 1214 839 1271 βήματος
859 1226 924 1255 est
946 1214 1061 1269 apud
1081 1217 1377 1256 Plutarchum.
1410 1216 1552 1256 Cicero

103 1270 150 1312 V
145 1271 284 1310 errina
302 1271 424 1312 VIII.
455 1274 709 1312 Praeturam
734 1273 988 1312 circumdati
1015 1274 1189 1311 cancelli
1209 1281 1289 1313 etc.
1322 1270 1553 1324 δικαστικᾶς

93 1329 302 1382 κιγκλίδας
329 1328 553 1383 intelligit.
585 1328 672 1368 vid.
707 1332 888 1369 Salmas.
919 1330 966 1368 in
1005 1328 1118 1368 Hist.
1149 1331 1264 1382 Aug.
1293 1338 1394 1372 tom.
1426 1330 1479 1370 Π.
1508 1345 1551 1385 p.

93 1382 193 1426 800.
224 1394 267 1424 et
298 1386 437 1427 Voles.
469 1386 513 1423 in
537 1388 779 1426 Marcellin.
813 1401 906 1441 pag.
942 1384 1041 1426 404.
1101 1386 1279 1427 Komm-

207 1443 437 1497 κιγκλίδες]
486 1442 674 1482 Recurre
706 1443 758 1482 ad
784 1457 911 1498 segm.
945 1442 1041 1482 libr.
1070 1442 1199 1482 huius
1229 1456 1293 1496 ¹7·
1320 1441 1397 1481 ubi
1420 1457 1551 1497 quae-

94 1497 190 1539 dam
210 1513 232 1537 a
265 1512 331 1538 me
353 1498 479 1538 dicta.
522 1501 694 1554 κιγκλίσι
720 1502 1027 1554 περικλείεσθαι
1056 1513 1079 1538 a
1112 1499 1394 1551 Chrysostomo
1425 1500 1549 1540 turba

92 1554 313 1594 iudicialis
346 1555 528 1607 dicitur,
568 1558 764 1597 cancellis
799 1557 974 1596 includi.
1034 1556 1234 1608 frequens
1265 1566 1328 1595 eet
1353 1556 1433 1595 ista
1462 1571 1550 1596 vox

95 1609 211 1666 apud
244 1612 505 1664 Procopium,
535 1613 779 1665 Agathiam
795 1623 837 1653 et
858 1615 1057 1653 Nic-etam
1091 1612 1346 1659 Chom'atem,
1375 1616 1445 1651 oui
1473 1612 1546 1664 ἔξω

91 1670 306 1724 κιγκλίδων
331 1683 419 1709 esse
449 1668 622 1717 dicitur,
656 1671 730 1724 qui
751 1685 773 1709 a
802 1669 957 1710 studiis
984 1669 1226 1709 forensibus
1250 1679 1313 1708 est
1346 1679 1545 1710 remotus.

92 1729 344 1769 διαλεκτικαῖ
371 1729 569 1781 κιγκλίδες
596 1736 882 1767 memorantur
909 1727 1078 1765 Iuliano
1105 1727 1151 1765 in
1184 1726 1429 1764 Caesaribus
1458 1741 1547 1766 non

93 1785 292 1837 procula
325 1781 434 1834 fine,
465 1783 541 1822 ubi
571 1799 664 1822 cum
695 1783 921 1838 quaedam,
953 1783 1109 1836 quibus
1140 1796 1183 1822 se
1211 1781 1469 1831 defenderet,
1501 1783 1547 1822 in

93 1838 280 1879 medium
302 1840 554 1893 protulisset
573 1855 625 1881 ex
639 1842 919 1880 Aristotelica
941 1839 1167 1893 disciplina
1190 1840 1549 1889 Alexander-,sub-

95 1909 279 1935 sannaus
305 1897 474 1935 Silenus
501 1897 672 1950 iuquit:
717 1895 808 1945 ἰού,
838 1895 902 1940 ἰοιῗ
925 1898 1005 1939 τῶν
1033 1896 1294 1939 διαλεκτικῶυ
1321 1899 1547 1948 κιγκλίδων,

95 1951 148 1991 ad
170 1965 293 2007 quem
314 1954 457 1991 locum
479 1953 661 1993 videnda
687 1967 794 2008 quae
817 1953 980 1994 erudite
1010 1962 1131 1992 notat
1154 1953 1377 1996 Illustriss.
1407 1954 1548 2006 Span-

92 2009 255 2048 lamias
283 2023 380 2063 pag.
401 2008 497 2049 455.
528 2009 677 2064 ibique
706 2021 749 2051 et
785 2012 988 2049 Vossiani
1016 2009 1190 2051 Codicis
1224 2010 1447 2049 lectionem
1476 2010 1547 2048 ad-

97 2064 228 2107 ducit.
260 2067 535 2106 cancellorum
554 2067 748 2106 meminit
772 2069 1014 2106 Tertullian.
1045 2066 1097 2106 de
1124 2066 1233 2106 Pall.
1263 2080 1297 2107 c.
1326 2066 1365 2106 5.
1397 2065 1549 2105 iidem-

97 2136 180 2176 que
209 2122 254 2161 in
292 2122 420 2165 Gloss.
451 2124 607 2162 Isidori
636 2132 760 2177 sunt,
800 2126 961 2174 caules,
1001 2124 1180 2163 cancelli
1214 2122 1443 2162 tribunales
1475 2123 1549 2161 uhi

95 2187 198 2218 sunt
229 2179 443 2230 advocati,
480 2180 567 2219 nisi
602 2182 748 2220 caulas
776 2182 1010 2235 praeferas,
1042 2194 1128 2234 quo
1158 2179 1299 2229 modo,
1332 2180 1378 2218 ni
1406 2179 1544 2229 fallor,

94 2244 160 2276 est
188 2235 303 2289 apud
329 2238 529 2289 Papiam.
594 2237 748 2278 Manet
790 2236 933 2277 eadem
974 2236 1290 2294 significatione
1326 2235 1429 2275 haec
1460 2249 1545 2274 vox

95 2291 327 2344 Rabbinis,
370 2293 525 2347 quibus
552 2289 683 2347 pbpzp
718 2291 832 2336 τόποι
862 2298 1034 2349 κιγκλίσι
1056 2291 1389 2347 περικλειόμενοι,
1429 2287 1546 2334 τόποι

92 2350 339 2392 δικαστικοί·
392 2350 516 2401 vide,
547 2351 631 2399 sis,
673 2365 896 2405 operosum
931 2353 1150 2400 Buxtorfii
1183 2350 1379 2391 Lexicon.
1435 2349 1544 2388 Mox

91 2418 196 2445 vero
217 2406 471 2460 καγκελωτᾰς
493 2422 585 2446 cum
608 2408 803 2447 Kuelznio
823 2407 1065 2448 emendavi:
1098 2408 1227 2460 vulgo
1246 2421 1360 2459 καγγ.

203 2461 253 2511 ἃς
273 2468 313 2506 οἱ
333 2463 526 2518 Ῥωμαῖοι
560 2466 664 2518 etc.]
714 2463 850 2504 Prior.
883 2463 1063 2504 edition.
1101 2461 1359 2517 καγγελωτᾶς.
1405 2462 1542 2501 Schol.

89 2518 309 2571 Aristoph.
331 2520 406 2559 fol.
437 2520 530 2562 514.
552 2524 702 2574 κιγκλῖς
729 2520 757 2571 ἤ
778 2519 892 2574 θύρα
916 2522 986 2563 τοῦ
1005 2521 1278 2572 δικαστηρίου,
1298 2518 1345 2568 ἢν
1361 2522 1429 2562 καὶ
1450 2536 1543 2573 καγ-

88 2575 264 2626 κελωτήν
293 2574 473 2620 καλοῦσι.
503 2579 680 2630 Hesych.
712 2591 812 2617 vero
843 2574 1080 2631 δρύφακτοι,
1111 2582 1155 2618 αἱ
1187 2576 1260 2618 τοῦ
1288 2578 1542 2630 δικασιηρίου

87 2629 238 2688 θύραι.
279 2631 308 2685 ἢ
331 2632 528 2691 κάγκελοι.
582 2634 665 2676 Sed
692 2635 890 2679 Ritterslz.
925 2638 1008 2691 leg.
1039 2630 1318 2690 καγκελλατοὶς.
1373 2633 1434 2673 Et
1461 2631 1542 2672 du-
