1664 3016
150 90 232 133 648
752 92 875 136 VIII.
931 96 1000 138 42.

262 258 329 300 καὶ
354 263 426 310 τῆς
454 258 524 312 μὲν
551 257 708 314 ὕβρεως
734 263 842 316 eto.]
866 263 1071 315 .Dicitur,
1101 265 1296 304 mulctam
1314 263 1468 321 ὕβρεως
1486 264 1600 319 pub..

152 313 277 354 licam
299 314 455 367 fuisse5
493 315 566 356 sed
587 316 696 356 illud
723 318 1049 375 intelligendum
1077 329 1140 359 est
1168 320 1250 371 ita,
1278 321 1315 360 si
1343 322 1450 367 alius
1479 337 1601 361 accu-

152 370 307 410 saverit
344 385 484 411 reum:
528 372 564 412 si
588 372 700 412 enim
730 374 842 427 ipse,
883 376 959 430 qui
991 377 1288 417 contumeliam
1319 392 1464 433 passus
1495 388 1599 430 etat,

151 439 305 466 nomen
330 425 551 479 detulerat,
582 428 648 467 illi
671 433 825 470 mulcta
846 431 1128 475 addicebatur.
1186 439 1327 474 Kunnn.

265 481 404 538 δώρων
434 484 498 537 δὲ]
538 485 635 526 MS.
666 482 796 539 δώρον
825 487 868 530 δὲ
895 498 974 529 etc.
1003 487 1075 529 sed
1098 486 1240 542 δώρων
1265 493 1482 546 vulgatum
1511 494 1601 546 pla-

152 548 242 589 cet,
274 549 323 579 ut
351 540 478 580 etiam
505 554 631 594 supra
661 557 787 598 segm.
807 542 876 586 40.
907 545 1002 585 MS.
1023 543 1225 596 habebat,
1258 547 1424 588 scilicet
1442 545 1601 603 γραφή·

153 593 204 634 de
229 610 310 646 qua
330 594 417 639 vid.
444 605 487 636 et
512 597 563 637 R.
581 599 748 642 Forner.
769 616 820 644 u.
845 601 944 644 Rer.
974 600 1140 656 quotid.
1162 601 1228 646 15.
1257 603 1336 658 qui
1356 618 1450 644 cum
1474 605 1600 647 Rom.

150 651 279 708 legib.
309 653 488 694 confert.
545 659 651 695 Iunc.
1401 695 1404 698 Δ

263 713 335 762 τῆς
365 709 407 752 δὲ
427 704 592 765 ἀργίας]
632 710 782 756 Laert.
813 713 860 754 in
891 713 1039 754 Solone
1065 726 1161 768 pag.
1184 711 1249 767 57.
1279 711 1301 759 ὅ
1332 712 1455 773 ἇργός
1479 714 1602 760 ὖπεῦ·

151 770 283 815 θυνος
308 766 404 808 ἔστω
432 769 551 809 παντὶ
579 774 636 826 τῷ
663 771 891 824 βουλομένῳ
917 768 1163 826 γράφεσθαι.
1222 773 1381 823 Λυσίας
1410 771 1454 816 δ’
1483 775 1526 817 ἐν
1546 779 1604 831 τῷ

150 819 252 863 κατὰ
289 824 437 866 Νικίου
459 821 671 877 Δράκοντά
698 841 797 880 φησι
816 828 1059 883 γεγραφέναι
1083 825 1154 870 cdv
1185 825 1334 882 νόμον,
1366 827 1532 873 Σόλωνα
1560 832 1604 875 δὲ

151 879 382 921 τεθεικέναι.
447 881 709 922 Plutarchus
735 893 873 923 autem
905 884 949 922 in
977 883 1065 924 Vit.
1102 884 1187 925 Sol.
1227 884 1339 924 cirea
1369 885 1442 928 fin.
1481 885 1536 937 ὥς
1561 889 1603 931 δὲ

156 933 415 989 Θεόφραστος
437 933 638 991 ἰστόρηκε,
669 941 736 982 καὶ
763 939 831 982 τὸν
856 943 927 993 τῆς
950 934 1090 996 ἀργίας
1120 937 1249 995 νόμον
1267 937 1317 985 οὔ
1338 938 1479 986 Σόλων
1508 946 1604 1000 ἔθη-

150 1008 230 1044 κεν,
261 990 356 1034 οἷλλᾶ
378 995 673 1048 Πεισίστρατος.
731 1002 812 1036 San.

263 1053 334 1102 τῆς
357 1049 398 1090 δὲ
429 1045 599 1105 οἷργίας]
632 1051 682 1091 Id
710 1061 795 1104 est,
826 1055 1003 1092 inertiae
1031 1062 1071 1092 et
1101 1053 1371 1103 lenitudinis,
1400 1064 1450 1095 ut
1474 1055 1606 1098 inter·

152 1113 342 1159 pretatur
372 1105 574 1146 Cuiacius
605 1109 784 1162 exposit.
811 1109 1016 1149 Novellae
1040 1108 1107 1150 30.
1144 1108 1218 1147 ubi
1239 1108 1390 1151 de-hac
1410 1112 1603 1156 actione:

152 1160 205 1201 de
234 1176 316 1216 qua
348 1160 446 1202 vide
475 1163 649 1206 omnino
673 1163 838 1209 Clariss.
876 1165 1172 1205 casaubonum
1193 1165 1324 1206 Notis
1352 1166 1406 1208 ad
1434 1169 1607 1210 Laertia·

156 1217 354 1258 Solonem.
413 1225 521 1259 Iuno.

262 1278 332 1328 τῆς
359 1274 400 1317 δὲ
428 1272 589 1331 ἆργίας,
620 1278 725 1331 etc.]
763 1276 830 1318 Ad
858 1279 1065 1331 Diogenis
1095 1278 1140 1317 in
1174 1277 1320 1318 Solone
1348 1280 1511 1332 locum,
1553 1296 1606 1322 ex

153 1343 239 1384 quo
270 1335 339 1384 τῆς
359 1328 500 1386 ἆργίας
527 1335 645 1387 δίκην
677 1337 873 1388 δημοσίαν
900 1335 1034 1375 fuisse
1067 1343 1204 1388 patet,
1237 1334 1338 1375 vide
1357 1338 1607 1391 Menagium

131 1384 192 1426 'et
221 1396 383 1439 praeter
407 1388 521 1428 hunc
543 1389 594 1429 ab
615 1405 751 1445 eoque
775 1392 926 1431 citatos
958 1400 1150 1432 auctores
1172 1392 1400 1431 Nicolaum
1423 1392 1474 1434 de
1495 1395 1606 1435 Mo-

150 1442 265 1482 ribus
286 1444 475 1497 gentium
499 1445 611 1500 apud
637 1448 883 1490 Stobensem.

263 1497 425 1556 α’τιμία]
456 1502 717 1543 Plutarchus
748 1505 792 1544 in
816 1505 945 1544 Solon.
968 1503 1152 1557 capitale
1180 1503 1315 1544 fuisse
1341 1503 1500 1546 crimen
1523 1507 1605 1547 otii

149 1555 381 1596 secundum
403 1560 620 1599 Draconis
652 1570 812 1601 statuta
836 1561 920 1607 ait,
951 1561 987 1601 si
1018 1559 1185 1599 scilicet
1215 1574 1310 1600 reus
1341 1569 1406 1600 ter
1438 1574 1607 1604 accusa-

149 1621 218 1651 tus
261 1614 572 1669 convictusque
610 1617 749 1671 segnis
782 1614 862 1657 otii
891 1618 1044 1658 fuerat.
1114 1616 1235 1654 Solon
1265 1625 1404 1656 autem
1428 1617 1607 1660 infamia

150 1677 344 1709 notatum
378 1671 516 1710 voluit
550 1672 756 1720 eundem,
787 1682 829 1714 et
850 1673 1071 1713 Plutarchi
1093 1669 1136 1714 τὸ
1158 1668 1294 1725 ὀλίγου
1313 1675 1420 1724 δεῖν,
1451 1677 1605 1731 arguit,

148 1738 240 1764 non
279 1739 424 1766 omnes
451 1729 669 1768 Draconis
708 1733 820 1785 leges
853 1729 1084 1770 intentasse
1116 1738 1294 1769 mortem
1322 1727 1607 1787 delinquenti.

149 1780 241 1821 bus.
300 1788 445 1823 Kumm.

262 1840 299 1882 εἰ
319 1841 403 1893 τρὶς
421 1842 536 1895 ete.]
568 1840 659 1884 MS.
679 1839 730 1895 ἦν
746 1841 832 1897 τρὶς
849 1854 928 1895 pro
950 1841 987 1883 εἰ
1000 1857 1059 1896 τρ.
1118 1847 1225 1882 Imm·

261 1900 543 1940 λειποναυτίου
565 1898 655 1952 μὲν]
686 1897 777 1940 MS.
801 1898 868 1940 καὶ
891 1902 1041 1940 λειπον.
1099 1903 1208 1938 que.

260 1955 543 1996 λειποναυτίου
567 1952 678 2007 etc.]
719 1952 855 2003 Vide,
892 1954 971 2004 sis,
1001 1954 1186 1994 Petitum
1207 1953 1522 1998 Commentario
1552 1957 1607 1998 ad

147 2006 288 2062 Leges
320 2009 409 2049 Att.
453 2024 549 2066 pag.
592 2009 686 2058 558.
733 2009 810 2049 ubi
840 2009 955 2049 hunc
984 2009 1123 2064 ipsum
1153 2012 1346 2052 Pollucis
1376 2013 1513 2054 nostri
1541 2017 1606 2055 lo-

149 2077 242 2103 cum
266 2063 417 2105 adfert.

261 2121 473 2175 ἒλλείπων]
503 2122 709 2164 ἐκλείπων.
768 2127 851 2163 Snn.

263 2178 480 2231 ἐλλείπων]
530 2179 690 2219 Melius
722 2177 767 2220 G.
787 2179 837 2221 A.
861 2178 1070 2223 ἐκλείπων·
1108 2179 1153 2224 τὸ
1179 2180 1367 2225 ἐλλείπειν
1393 2182 1482 2224 fere
1511 2181 1606 2225 sine

151 2247 251 2274 casu
272 2243 348 2274 est.
408 2241 554 2279 Kunnx.

262 2291 482 2345 ἐλλείπων]
522 2290 614 2334 MS.
638 2293 742 2333 ναῦν
771 2292 973 2337 ἐκλείπων.
1011 2303 1061 2333 ut
1090 2302 1134 2334 et
1161 2293 1300 2333 Sebm·
1326 2293 1420 2335 MS.
1448 2309 1527 2336 nec
1559 2294 1606 2336 id

149 2350 325 2403 vulgato
347 2361 434 2387 non
463 2350 704 2400 praeferam.
764 2354 871 2390 IUNG.

263 2404 481 2459 ἐλλείπων]
513 2403 750 2445 Emendavi
782 2419 805 2445 e
826 2405 952 2449 MSS.
974 2407 1175 2451 ἐκλείπων.

263 2513 372 2570 ὅτὴν
390 2522 494 2559 ναῦν
516 2515 568 2571 μὴ
591 2517 700 2571 etc.]
731 2518 828 2559 MS.
861 2524 964 2562 ναῦν
988 2519 1060 2575 μὲν
1082 2518 1136 2573 μή
1155 2524 1191 2561 λ.
1247 2525 1354 2559 que.

263 2570 317 2626 μὴ
343 2574 414 2627 μέν
435 2592 495 2618 τοι
515 2572 799 2629 ναυμαχήσας]
830 2577 926 2618 MS.
945 2578 1200 2632 ναυμαχίσας.
1257 2582 1360 2618 Iun-G.
