<?xml version="1.0" encoding="UTF-8"?>
<!DOCTYPE html PUBLIC "-//W3C//DTD XHTML 1.0 Transitional//EN"
    "http://www.w3.org/TR/xhtml1/DTD/xhtml1-transitional.dtd">
<html xmlns="http://www.w3.org/1999/xhtml" xml:lang="en" lang="en">
 <head>
  <title>
</title>
<meta http-equiv="Content-Type" content="text/html;charset=utf-8" />
  <meta name='ocr-system' content='tesseract 3.04.00' />
  <meta name='ocr-capabilities' content='ocr_page ocr_carea ocr_par ocr_line ocrx_word'/>
</head>
<body>
  <div class='ocr_page' id='page_1' title='image "./p1onomastic05polluoft_0805.png"; bbox 0 0 1664 3016; ppageno 0'>
   <div class='ocr_carea' id='block_1_1' title="bbox 663 149 1533 193">
    <p class='ocr_par' dir='ltr' id='par_1_1' title="bbox 663 149 1533 193">
     <span class='ocr_line' id='line_1_1' title="bbox 663 149 1533 193; baseline 0 -3"><span class='ocrx_word' id='word_1_1' title='bbox 663 149 788 190; x_wconf 87' lang='lat' dir='ltr'>VIII.</span> <span class='ocrx_word' id='word_1_2' title='bbox 849 153 942 193; x_wconf 85' lang='lat'>138.</span> <span class='ocrx_word' id='word_1_3' title='bbox 1451 150 1533 192; x_wconf 82' lang='lat'><strong>833</strong></span> 
     </span>
    </p>
   </div>
   <div class='ocr_carea' id='block_1_2' title="bbox 67 257 1554 2706">
    <p class='ocr_par' dir='ltr' id='par_1_2' title="bbox 67 257 1554 2706">
     <span class='ocr_line' id='line_1_2' title="bbox 75 257 1532 318; baseline -0.003 -14"><span class='ocrx_word' id='word_1_4' title='bbox 75 276 225 305; x_wconf 78' lang='lat' dir='ltr'><strong>eonem</strong></span> <span class='ocrx_word' id='word_1_5' title='bbox 252 262 425 318; x_wconf 84' lang='lat' dir='ltr'><strong>publice</strong></span> <span class='ocrx_word' id='word_1_6' title='bbox 457 262 592 302; x_wconf 85' lang='lat' dir='ltr'><strong>filium</strong></span> <span class='ocrx_word' id='word_1_7' title='bbox 618 261 830 303; x_wconf 86' lang='lat' dir='ltr'><strong>abdicare.</strong></span> <span class='ocrx_word' id='word_1_8' title='bbox 875 263 1066 315; x_wconf 83' lang='lat' dir='ltr'><strong>exempla</strong></span> <span class='ocrx_word' id='word_1_9' title='bbox 1094 260 1257 314; x_wconf 87' lang='lat' dir='ltr'><strong>ubique</strong></span> <span class='ocrx_word' id='word_1_10' title='bbox 1274 257 1423 300; x_wconf 80' lang='lat' dir='ltr'><strong>obvia:</strong></span> <span class='ocrx_word' id='word_1_11' title='bbox 1455 259 1532 299; x_wconf 82' lang='lat' dir='ltr'><strong>ad-</strong></span> 
     </span>
     <span class='ocr_line' id='line_1_3' title="bbox 75 314 1532 373; baseline -0.003 -11"><span class='ocrx_word' id='word_1_12' title='bbox 75 329 196 362; x_wconf 85' lang='lat' dir='ltr'><strong>erant</strong></span> <span class='ocrx_word' id='word_1_13' title='bbox 212 329 256 360; x_wconf 85' lang='lat' dir='ltr'><strong>et</strong></span> <span class='ocrx_word' id='word_1_14' title='bbox 276 318 602 361; x_wconf 81' lang='lat' dir='ltr'><strong>venditionibus</strong></span> <span class='ocrx_word' id='word_1_15' title='bbox 619 332 865 373; x_wconf 82' lang='lat' dir='ltr'><strong>praecones,</strong></span> <span class='ocrx_word' id='word_1_16' title='bbox 891 317 1006 359; x_wconf 88' lang='lat' dir='ltr'><strong>unde</strong></span> <span class='ocrx_word' id='word_1_17' title='bbox 1025 314 1325 372; x_wconf 67' lang='grc' dir='ltr'><em>ἀποκηρύττειν,</em></span> <span class='ocrx_word' id='word_1_18' title='bbox 1353 317 1532 357; x_wconf 70' lang='lat' dir='ltr'><strong>vendere.</strong></span> 
     </span>
     <span class='ocr_line' id='line_1_4' title="bbox 67 369 1534 431; baseline 0.001 -16"><span class='ocrx_word' id='word_1_19' title='bbox 67 377 275 416; x_wconf 60' lang='lat' dir='ltr'><strong>‹Ba-silius</strong></span> <span class='ocrx_word' id='word_1_20' title='bbox 298 374 398 418; x_wconf 72' lang='grc' dir='ltr'><em>κατὰ</em></span> <span class='ocrx_word' id='word_1_21' title='bbox 422 375 686 426; x_wconf 82' lang='grc' dir='ltr'><em>τοκιζόντων·</em></span> <span class='ocrx_word' id='word_1_22' title='bbox 720 374 863 431; x_wconf 83' lang='grc' dir='ltr'><em>μικρὸν</em></span> <span class='ocrx_word' id='word_1_23' title='bbox 891 373 1058 429; x_wconf 70' lang='grc' dir='ltr'><em>ὕστερον</em></span> <span class='ocrx_word' id='word_1_24' title='bbox 1088 374 1205 424; x_wconf 69' lang='grc' dir='ltr'><em>ἄλλος</em></span> <span class='ocrx_word' id='word_1_25' title='bbox 1226 369 1325 416; x_wconf 74' lang='grc' dir='ltr'><em>αὔτα</em></span> <span class='ocrx_word' id='word_1_26' title='bbox 1342 376 1534 426; x_wconf 87' lang='grc' dir='ltr'><em>προκομί-</em></span> 
     </span>
     <span class='ocr_line' id='line_1_5' title="bbox 77 429 1532 487; baseline -0.003 -11"><span class='ocrx_word' id='word_1_27' title='bbox 77 447 154 485; x_wconf 84' lang='grc' dir='ltr'><em>σει,</em></span> <span class='ocrx_word' id='word_1_28' title='bbox 180 434 248 476; x_wconf 78' lang='grc' dir='ltr'><em>καὶ</em></span> <span class='ocrx_word' id='word_1_29' title='bbox 281 429 526 487; x_wconf 75' lang='grc' dir='ltr'><em>ἄποκηρύξει</em></span> <span class='ocrx_word' id='word_1_30' title='bbox 554 433 601 475; x_wconf 77' lang='grc' dir='ltr'><em>τοὶ</em></span> <span class='ocrx_word' id='word_1_31' title='bbox 622 431 685 484; x_wconf 79' lang='grc' dir='ltr'><strong>σά,</strong></span> <span class='ocrx_word' id='word_1_32' title='bbox 715 434 783 475; x_wconf 83' lang='grc' dir='ltr'><em>καὶ</em></span> <span class='ocrx_word' id='word_1_33' title='bbox 811 433 854 475; x_wconf 82' lang='grc' dir='ltr'><strong>ἐν</strong></span> <span class='ocrx_word' id='word_1_34' title='bbox 881 429 1108 486; x_wconf 76' lang='grc' dir='ltr'><em>ὀφθαλμοῖς</em></span> <span class='ocrx_word' id='word_1_35' title='bbox 1137 437 1220 481; x_wconf 85' lang='grc' dir='ltr'><em>τοῖς</em></span> <span class='ocrx_word' id='word_1_36' title='bbox 1244 437 1327 480; x_wconf 86' lang='grc' dir='ltr'><em>σοῖς</em></span> <span class='ocrx_word' id='word_1_37' title='bbox 1349 431 1532 485; x_wconf 77' lang='grc' dir='ltr'><em>ἐπευωνί-</em></span> 
     </span>
     <span class='ocr_line' id='line_1_6' title="bbox 78 486 1534 543; baseline -0.003 -11"><span class='ocrx_word' id='word_1_38' title='bbox 78 495 155 541; x_wconf 78' lang='grc' dir='ltr'><strong>ζων</strong></span> <span class='ocrx_word' id='word_1_39' title='bbox 182 486 284 532; x_wconf 68' lang='grc' dir='ltr'><em>αὐτὰ</em></span> <span class='ocrx_word' id='word_1_40' title='bbox 315 488 562 542; x_wconf 79' lang='grc' dir='ltr'><em>διαθήσεται.</em></span> <span class='ocrx_word' id='word_1_41' title='bbox 599 493 817 543; x_wconf 86' lang='lat' dir='ltr'><strong>paululum</strong></span> <span class='ocrx_word' id='word_1_42' title='bbox 857 499 1067 543; x_wconf 80' lang='lat' dir='ltr'><strong>praeterea</strong></span> <span class='ocrx_word' id='word_1_43' title='bbox 1103 488 1268 528; x_wconf 83' lang='lat' dir='ltr'><strong>diversa</strong></span> <span class='ocrx_word' id='word_1_44' title='bbox 1312 497 1375 527; x_wconf 84' lang='lat' dir='ltr'><strong>est</strong></span> <span class='ocrx_word' id='word_1_45' title='bbox 1406 486 1534 527; x_wconf 84' lang='lat' dir='ltr'><strong>hui’us</strong></span> 
     </span>
     <span class='ocr_line' id='line_1_7' title="bbox 76 545 1534 600; baseline 0 -13"><span class='ocrx_word' id='word_1_46' title='bbox 76 545 198 588; x_wconf 76' lang='lat' dir='ltr'><strong>verbi</strong></span> <span class='ocrx_word' id='word_1_47' title='bbox 224 547 349 587; x_wconf 84' lang='lat' dir='ltr'><strong>notio</strong></span> <span class='ocrx_word' id='word_1_48' title='bbox 378 546 492 600; x_wconf 84' lang='lat' dir='ltr'><strong>apud</strong></span> <span class='ocrx_word' id='word_1_49' title='bbox 526 548 734 586; x_wconf 86' lang='lat' dir='ltr'><strong>Nazianz.</strong></span> <span class='ocrx_word' id='word_1_50' title='bbox 766 561 853 586; x_wconf 91' lang='lat' dir='ltr'><strong>non</strong></span> <span class='ocrx_word' id='word_1_51' title='bbox 879 549 1030 599; x_wconf 88' lang='lat' dir='ltr'><strong>procul</strong></span> <span class='ocrx_word' id='word_1_52' title='bbox 1052 546 1182 584; x_wconf 82' lang='lat' dir='ltr'><strong>initio</strong></span> <span class='ocrx_word' id='word_1_53' title='bbox 1209 546 1345 584; x_wconf 79' lang='lat' dir='ltr'><strong>Stelit.</strong></span> <span class='ocrx_word' id='word_1_54' title='bbox 1373 561 1405 586; x_wconf 92' lang='lat'><strong>1.</strong></span> <span class='ocrx_word' id='word_1_55' title='bbox 1437 548 1534 597; x_wconf 88' lang='grc' dir='ltr'><em>μίαν</em></span> 
     </span>
     <span class='ocr_line' id='line_1_8' title="bbox 76 599 1534 660; baseline -0.005 -13"><span class='ocrx_word' id='word_1_56' title='bbox 76 610 245 660; x_wconf 82' lang='grc' dir='ltr'><em>μοῖραν,</em></span> <span class='ocrx_word' id='word_1_57' title='bbox 282 606 329 646; x_wconf 68' lang='grc' dir='ltr'><strong>ἓν</strong></span> <span class='ocrx_word' id='word_1_58' title='bbox 352 608 496 658; x_wconf 81' lang='grc' dir='ltr'><strong><em>ψυχῶν</em></strong></span> <span class='ocrx_word' id='word_1_59' title='bbox 524 605 636 659; x_wconf 84' lang='grc' dir='ltr'><em>γένος</em></span> <span class='ocrx_word' id='word_1_60' title='bbox 663 600 922 657; x_wconf 81' lang='grc' dir='ltr'><em>ἆποκηρύττω</em></span> <span class='ocrx_word' id='word_1_61' title='bbox 951 607 1023 656; x_wconf 84' lang='grc' dir='ltr'><em>τῆς</em></span> <span class='ocrx_word' id='word_1_62' title='bbox 1049 599 1335 657; x_wconf 78' lang='grc' dir='ltr'><em>πανηγύρεως,</em></span> <span class='ocrx_word' id='word_1_63' title='bbox 1376 599 1420 640; x_wconf 85' lang='lat' dir='ltr'><strong>id</strong></span> <span class='ocrx_word' id='word_1_64' title='bbox 1456 612 1534 654; x_wconf 82' lang='lat' dir='ltr'><strong>est,</strong></span> 
     </span>
     <span class='ocr_line' id='line_1_9' title="bbox 77 656 1537 717; baseline -0.003 -14"><span class='ocrx_word' id='word_1_65' title='bbox 77 659 268 717; x_wconf 76' lang='grc' dir='ltr'><strong><em>ἐκβάλλω,</em></strong></span> <span class='ocrx_word' id='word_1_66' title='bbox 299 656 524 710; x_wconf 72' lang='grc' dir='ltr'><em>ἀπελαύνω,</em></span> <span class='ocrx_word' id='word_1_67' title='bbox 557 671 604 699; x_wconf 83' lang='lat' dir='ltr'><strong>ut</strong></span> <span class='ocrx_word' id='word_1_68' title='bbox 625 660 873 700; x_wconf 68' lang='lat' dir='ltr'><strong>scholiastes</strong></span> <span class='ocrx_word' id='word_1_69' title='bbox 888 659 1026 698; x_wconf 77' lang='lat' dir='ltr'><strong>haber.</strong></span> <span class='ocrx_word' id='word_1_70' title='bbox 1087 662 1277 699; x_wconf 85' lang='lat' dir='ltr'><strong>Alterum</strong></span> <span class='ocrx_word' id='word_1_71' title='bbox 1304 657 1537 711; x_wconf 78' lang='grc' dir='ltr'><em>ἐπικηρύξαι</em></span> 
     </span>
     <span class='ocr_line' id='line_1_10' title="bbox 77 713 1533 771; baseline -0.002 -12"><span class='ocrx_word' id='word_1_72' title='bbox 77 719 116 759; x_wconf 73' lang='lat' dir='ltr'><strong>ai</strong></span> <span class='ocrx_word' id='word_1_73' title='bbox 136 718 338 771; x_wconf 78' lang='lat' dir='ltr'><strong>praeconi</strong></span> <span class='ocrx_word' id='word_1_74' title='bbox 356 717 626 767; x_wconf 72' lang='lat' dir='ltr'><strong>attribuatur,</strong></span> <span class='ocrx_word' id='word_1_75' title='bbox 645 717 756 757; x_wconf 87' lang='lat' dir='ltr'><strong>idem</strong></span> <span class='ocrx_word' id='word_1_76' title='bbox 776 727 839 756; x_wconf 88' lang='lat' dir='ltr'><strong>est</strong></span> <span class='ocrx_word' id='word_1_77' title='bbox 859 717 990 756; x_wconf 85' lang='lat' dir='ltr'><strong>ferme</strong></span> <span class='ocrx_word' id='word_1_78' title='bbox 1008 715 1121 770; x_wconf 89' lang='lat' dir='ltr'><strong>quod</strong></span> <span class='ocrx_word' id='word_1_79' title='bbox 1147 715 1326 768; x_wconf 85' lang='lat' dir='ltr'><strong>simplex</strong></span> <span class='ocrx_word' id='word_1_80' title='bbox 1350 713 1533 768; x_wconf 81' lang='grc' dir='ltr'><em>κηρύξαι·</em></span> 
     </span>
     <span class='ocr_line' id='line_1_11' title="bbox 79 769 1536 828; baseline -0.003 -13"><span class='ocrx_word' id='word_1_81' title='bbox 79 774 153 816; x_wconf 85' lang='lat' dir='ltr'><strong>sed</strong></span> <span class='ocrx_word' id='word_1_82' title='bbox 177 773 335 814; x_wconf 86' lang='lat' dir='ltr'><strong>dicitur</strong></span> <span class='ocrx_word' id='word_1_83' title='bbox 352 775 509 828; x_wconf 85' lang='lat' dir='ltr'><strong>aliquis</strong></span> <span class='ocrx_word' id='word_1_84' title='bbox 542 773 814 827; x_wconf 78' lang='grc' dir='ltr'><em>ἐπικηρύττειν</em></span> <span class='ocrx_word' id='word_1_85' title='bbox 834 774 909 815; x_wconf 82' lang='grc' dir='ltr'><em>τινὶ</em></span> <span class='ocrx_word' id='word_1_86' title='bbox 935 769 1142 828; x_wconf 66' lang='grc' dir='ltr'><em>ἀργύριον,</em></span> <span class='ocrx_word' id='word_1_87' title='bbox 1168 775 1402 824; x_wconf 79' lang='lat' dir='ltr'><strong>praemium</strong></span> <span class='ocrx_word' id='word_1_88' title='bbox 1423 773 1536 823; x_wconf 78' lang='lat' dir='ltr'><strong>pub—</strong></span> 
     </span>
     <span class='ocr_line' id='line_1_12' title="bbox 79 830 1538 886; baseline -0.003 -15"><span class='ocrx_word' id='word_1_89' title='bbox 79 833 159 872; x_wconf 81' lang='lat' dir='ltr'><strong>lice</strong></span> <span class='ocrx_word' id='word_1_90' title='bbox 171 846 243 884; x_wconf 87' lang='lat' dir='ltr'><strong>per</strong></span> <span class='ocrx_word' id='word_1_91' title='bbox 258 846 503 886; x_wconf 82' lang='lat' dir='ltr'><strong>praeconem</strong></span> <span class='ocrx_word' id='word_1_92' title='bbox 521 833 650 870; x_wconf 65' lang='lat' dir='ltr'><strong>alicua·</strong></span> <span class='ocrx_word' id='word_1_93' title='bbox 669 832 943 882; x_wconf 71' lang='lat' dir='ltr'><strong>constituere,</strong></span> <span class='ocrx_word' id='word_1_94' title='bbox 972 833 1043 883; x_wconf 77' lang='lat' dir='ltr'><strong>qui</strong></span> <span class='ocrx_word' id='word_1_95' title='bbox 1059 830 1375 881; x_wconf 75' lang='lat' dir='ltr'><strong>promulgatum</strong></span> <span class='ocrx_word' id='word_1_96' title='bbox 1394 830 1538 867; x_wconf 73' lang='lat' dir='ltr'><strong>homi-</strong></span> 
     </span>
     <span class='ocr_line' id='line_1_13' title="bbox 80 884 1535 942; baseline -0.004 -13"><span class='ocrx_word' id='word_1_97' title='bbox 80 903 173 929; x_wconf 85' lang='lat' dir='ltr'><strong>nem</strong></span> <span class='ocrx_word' id='word_1_98' title='bbox 193 888 418 938; x_wconf 53' lang='lat' dir='ltr'><strong>occiderim</strong></span> <span class='ocrx_word' id='word_1_99' title='bbox 447 897 575 942; x_wconf 82' lang='lat' dir='ltr'><strong>atque</strong></span> <span class='ocrx_word' id='word_1_100' title='bbox 596 889 655 927; x_wconf 85' lang='lat' dir='ltr'><strong>ita</strong></span> <span class='ocrx_word' id='word_1_101' title='bbox 679 887 783 928; x_wconf 85' lang='lat' dir='ltr'><strong>haec</strong></span> <span class='ocrx_word' id='word_1_102' title='bbox 813 887 977 941; x_wconf 84' lang='lat' dir='ltr'><strong>phrasis</strong></span> <span class='ocrx_word' id='word_1_103' title='bbox 1012 887 1197 926; x_wconf 86' lang='lat' dir='ltr'><strong>occurrit</strong></span> <span class='ocrx_word' id='word_1_104' title='bbox 1221 884 1332 938; x_wconf 85' lang='lat' dir='ltr'><strong>apud</strong></span> <span class='ocrx_word' id='word_1_105' title='bbox 1353 887 1535 937; x_wconf 76' lang='lat' dir='ltr'><strong>Polyae-</strong></span> 
     </span>
     <span class='ocr_line' id='line_1_14' title="bbox 72 940 1537 1000; baseline -0.001 -14"><span class='ocrx_word' id='word_1_106' title='bbox 72 961 202 1000; x_wconf 71' lang='lat' dir='ltr'><strong>num:</strong></span> <span class='ocrx_word' id='word_1_107' title='bbox 235 944 287 986; x_wconf 87' lang='lat' dir='ltr'><strong>de</strong></span> <span class='ocrx_word' id='word_1_108' title='bbox 305 946 398 1000; x_wconf 86' lang='lat' dir='ltr'><strong>ipsa</strong></span> <span class='ocrx_word' id='word_1_109' title='bbox 418 959 518 986; x_wconf 86' lang='lat' dir='ltr'><strong>vero</strong></span> <span class='ocrx_word' id='word_1_110' title='bbox 545 959 589 984; x_wconf 88' lang='lat' dir='ltr'><strong>re</strong></span> <span class='ocrx_word' id='word_1_111' title='bbox 611 944 710 984; x_wconf 86' lang='lat' dir='ltr'><strong>heic</strong></span> <span class='ocrx_word' id='word_1_112' title='bbox 730 959 818 983; x_wconf 89' lang='lat' dir='ltr'><strong>non</strong></span> <span class='ocrx_word' id='word_1_113' title='bbox 843 943 952 985; x_wconf 83' lang='lat' dir='ltr'><strong>dico,</strong></span> <span class='ocrx_word' id='word_1_114' title='bbox 1017 941 1276 997; x_wconf 78' lang='grc' dir='ltr'><em>Προκηρύξαι</em></span> <span class='ocrx_word' id='word_1_115' title='bbox 1297 956 1409 991; x_wconf 84' lang='lat' dir='ltr'><strong>vero,</strong></span> <span class='ocrx_word' id='word_1_116' title='bbox 1436 940 1537 984; x_wconf 74' lang='grc' dir='ltr'><em>εἰνα-</em></span> 
     </span>
     <span class='ocr_line' id='line_1_15' title="bbox 79 998 1537 1057; baseline -0.007 -12"><span class='ocrx_word' id='word_1_117' title='bbox 79 1001 266 1057; x_wconf 76' lang='grc' dir='ltr'><em>κηρύξαι,</em></span> <span class='ocrx_word' id='word_1_118' title='bbox 293 999 486 1054; x_wconf 78' lang='grc' dir='ltr'><em>ἇνειπεΐν,</em></span> <span class='ocrx_word' id='word_1_119' title='bbox 518 1012 559 1042; x_wconf 83' lang='lat' dir='ltr'><strong>et</strong></span> <span class='ocrx_word' id='word_1_120' title='bbox 582 998 854 1056; x_wconf 78' lang='grc' dir='ltr'><em>οἷναγορεῦσαι</em></span> <span class='ocrx_word' id='word_1_121' title='bbox 875 1000 1031 1039; x_wconf 83' lang='lat' dir='ltr'><strong>dicitur</strong></span> <span class='ocrx_word' id='word_1_122' title='bbox 1061 1014 1227 1052; x_wconf 78' lang='lat' dir='ltr'><strong>praeco,</strong></span> <span class='ocrx_word' id='word_1_123' title='bbox 1264 1013 1355 1036; x_wconf 89' lang='lat' dir='ltr'><strong>cum</strong></span> <span class='ocrx_word' id='word_1_124' title='bbox 1383 998 1426 1036; x_wconf 91' lang='lat' dir='ltr'><strong>in</strong></span> <span class='ocrx_word' id='word_1_125' title='bbox 1451 1013 1537 1037; x_wconf 85' lang='lat' dir='ltr'><strong>cer..</strong></span> 
     </span>
     <span class='ocr_line' id='line_1_16' title="bbox 81 1056 1538 1114; baseline -0.002 -15"><span class='ocrx_word' id='word_1_126' title='bbox 81 1060 315 1100; x_wconf 77' lang='lat' dir='ltr'><strong>taminibus</strong></span> <span class='ocrx_word' id='word_1_127' title='bbox 342 1059 529 1114; x_wconf 84' lang='lat' dir='ltr'><strong>publicis</strong></span> <span class='ocrx_word' id='word_1_128' title='bbox 562 1059 768 1099; x_wconf 81' lang='lat' dir='ltr'><strong>victorem</strong></span> <span class='ocrx_word' id='word_1_129' title='bbox 802 1058 927 1107; x_wconf 82' lang='lat' dir='ltr'><strong>citat,</strong></span> <span class='ocrx_word' id='word_1_130' title='bbox 968 1057 1034 1094; x_wconf 89' lang='lat' dir='ltr'><strong>uti</strong></span> <span class='ocrx_word' id='word_1_131' title='bbox 1070 1056 1283 1094; x_wconf 73' lang='lat' dir='ltr'><strong>Cornelius</strong></span> <span class='ocrx_word' id='word_1_132' title='bbox 1313 1056 1446 1108; x_wconf 76' lang='lat' dir='ltr'><strong>Nepos</strong></span> <span class='ocrx_word' id='word_1_133' title='bbox 1478 1057 1538 1096; x_wconf 84' lang='lat' dir='ltr'><strong>ait</strong></span> 
     </span>
     <span class='ocr_line' id='line_1_17' title="bbox 82 1106 1537 1172; baseline -0.004 -16"><span class='ocrx_word' id='word_1_134' title='bbox 82 1117 128 1156; x_wconf 87' lang='lat' dir='ltr'><strong>iu</strong></span> <span class='ocrx_word' id='word_1_135' title='bbox 157 1119 362 1172; x_wconf 86' lang='lat' dir='ltr'><strong>prologo,</strong></span> <span class='ocrx_word' id='word_1_136' title='bbox 398 1118 598 1155; x_wconf 67' lang='lat' dir='ltr'><strong>victorem</strong></span> <span class='ocrx_word' id='word_1_137' title='bbox 634 1115 851 1167; x_wconf 80' lang='lat' dir='ltr'><strong>Olympiae</strong></span> <span class='ocrx_word' id='word_1_138' title='bbox 874 1115 1025 1159; x_wconf 77' lang='lat' dir='ltr'><strong>citari,</strong></span> <span class='ocrx_word' id='word_1_139' title='bbox 1062 1116 1234 1154; x_wconf 71' lang='grc' dir='ltr'><em>νικῶντα</em></span> <span class='ocrx_word' id='word_1_140' title='bbox 1263 1106 1537 1166; x_wconf 76' lang='grc' dir='ltr'><em>ἄναρῤεθῆναι</em></span> 
     </span>
     <span class='ocr_line' id='line_1_18' title="bbox 79 1166 1536 1228; baseline -0.003 -14"><span class='ocrx_word' id='word_1_141' title='bbox 79 1171 191 1228; x_wconf 71' lang='grc' dir='ltr'><em>παρὰ</em></span> <span class='ocrx_word' id='word_1_142' title='bbox 220 1177 295 1216; x_wconf 85' lang='grc' dir='ltr'><em>τοῦ</em></span> <span class='ocrx_word' id='word_1_143' title='bbox 322 1175 526 1227; x_wconf 81' lang='grc' dir='ltr'><strong><em>κήρυκος,</em></strong></span> <span class='ocrx_word' id='word_1_144' title='bbox 566 1173 712 1224; x_wconf 88' lang='lat' dir='ltr'><strong>inquit</strong></span> <span class='ocrx_word' id='word_1_145' title='bbox 742 1173 937 1210; x_wconf 75' lang='lat' dir='ltr'><strong>Basilius</strong></span> <span class='ocrx_word' id='word_1_146' title='bbox 969 1171 1128 1209; x_wconf 75' lang='lat' dir='ltr'><strong>Homil.</strong></span> <span class='ocrx_word' id='word_1_147' title='bbox 1161 1166 1264 1222; x_wconf 73' lang='grc' dir='ltr'><em>πρὸς</em></span> <span class='ocrx_word' id='word_1_148' title='bbox 1282 1166 1376 1217; x_wconf 75' lang='grc' dir='ltr'><strong>τούς</strong></span> <span class='ocrx_word' id='word_1_149' title='bbox 1397 1170 1536 1216; x_wconf 82' lang='grc' dir='ltr'><strong><em>νέους·</em></strong></span> 
     </span>
     <span class='ocr_line' id='line_1_19' title="bbox 82 1227 1537 1284; baseline -0.008 -11"><span class='ocrx_word' id='word_1_150' title='bbox 82 1228 336 1284; x_wconf 80' lang='grc' dir='ltr'><em>ἇνακηρύξαι</em></span> <span class='ocrx_word' id='word_1_151' title='bbox 353 1231 551 1283; x_wconf 83' lang='grc' dir='ltr'><em>στέφανον</em></span> <span class='ocrx_word' id='word_1_152' title='bbox 573 1228 730 1267; x_wconf 83' lang='lat' dir='ltr'><strong>dicitur</strong></span> <span class='ocrx_word' id='word_1_153' title='bbox 751 1227 1010 1280; x_wconf 80' lang='lat' dir='ltr'><strong>respublica,</strong></span> <span class='ocrx_word' id='word_1_154' title='bbox 1042 1240 1132 1265; x_wconf 89' lang='lat' dir='ltr'><strong>cum</strong></span> <span class='ocrx_word' id='word_1_155' title='bbox 1159 1239 1355 1264; x_wconf 88' lang='lat' dir='ltr'><strong>coronam</strong></span> <span class='ocrx_word' id='word_1_156' title='bbox 1372 1257 1383 1274; x_wconf 92' lang='lat'><strong>,</strong></span> <span class='ocrx_word' id='word_1_157' title='bbox 1415 1239 1537 1279; x_wconf 82' lang='lat' dir='ltr'><strong>quam</strong></span> 
     </span>
     <span class='ocr_line' id='line_1_20' title="bbox 82 1280 1539 1342; baseline -0.005 -14"><span class='ocrx_word' id='word_1_158' title='bbox 82 1287 262 1328; x_wconf 79' lang='lat' dir='ltr'><strong>honoris</strong></span> <span class='ocrx_word' id='word_1_159' title='bbox 292 1301 393 1342; x_wconf 85' lang='lat' dir='ltr'><strong>ergo</strong></span> <span class='ocrx_word' id='word_1_160' title='bbox 416 1287 538 1326; x_wconf 83' lang='lat' dir='ltr'><strong>alteri</strong></span> <span class='ocrx_word' id='word_1_161' title='bbox 562 1285 694 1324; x_wconf 86' lang='lat' dir='ltr'><strong>donat</strong></span> <span class='ocrx_word' id='word_1_162' title='bbox 712 1284 992 1338; x_wconf 81' lang='lat' dir='ltr'><strong>reipublicae,</strong></span> <span class='ocrx_word' id='word_1_163' title='bbox 1025 1282 1068 1320; x_wconf 87' lang='lat' dir='ltr'><strong>in</strong></span> <span class='ocrx_word' id='word_1_164' title='bbox 1097 1281 1277 1334; x_wconf 86' lang='lat' dir='ltr'><strong>publicis</strong></span> <span class='ocrx_word' id='word_1_165' title='bbox 1298 1280 1430 1328; x_wconf 86' lang='lat' dir='ltr'><strong>ludis,</strong></span> <span class='ocrx_word' id='word_1_166' title='bbox 1466 1296 1539 1333; x_wconf 88' lang='lat' dir='ltr'><strong>per</strong></span> 
     </span>
     <span class='ocr_line' id='line_1_21' title="bbox 83 1337 1536 1400; baseline -0.006 -16"><span class='ocrx_word' id='word_1_167' title='bbox 83 1358 333 1400; x_wconf 81' lang='lat' dir='ltr'><strong>praeconem</strong></span> <span class='ocrx_word' id='word_1_168' title='bbox 371 1342 488 1382; x_wconf 86' lang='lat' dir='ltr'><strong>iubet</strong></span> <span class='ocrx_word' id='word_1_169' title='bbox 518 1341 790 1395; x_wconf 83' lang='lat' dir='ltr'><strong>proclamari,</strong></span> <span class='ocrx_word' id='word_1_170' title='bbox 841 1339 915 1396; x_wconf 91' lang='lat' dir='ltr'><strong>qui</strong></span> <span class='ocrx_word' id='word_1_171' title='bbox 951 1349 1040 1378; x_wconf 87' lang='lat' dir='ltr'><strong>tum</strong></span> <span class='ocrx_word' id='word_1_172' title='bbox 1077 1337 1322 1378; x_wconf 86' lang='lat' dir='ltr'><strong>donationis</strong></span> <span class='ocrx_word' id='word_1_173' title='bbox 1354 1352 1536 1376; x_wconf 83' lang='lat' dir='ltr'><strong>caussam</strong></span> 
     </span>
     <span class='ocr_line' id='line_1_22' title="bbox 84 1394 1539 1447; baseline -0.005 -6"><span class='ocrx_word' id='word_1_174' title='bbox 84 1401 250 1441; x_wconf 82' lang='lat' dir='ltr'><strong>cunctis</strong></span> <span class='ocrx_word' id='word_1_175' title='bbox 285 1398 561 1440; x_wconf 85' lang='lat' dir='ltr'><strong>audientibus</strong></span> <span class='ocrx_word' id='word_1_176' title='bbox 596 1397 841 1446; x_wconf 78' lang='lat' dir='ltr'><strong>enarrabat3</strong></span> <span class='ocrx_word' id='word_1_177' title='bbox 872 1396 930 1435; x_wconf 84' lang='lat' dir='ltr'><strong>ita</strong></span> <span class='ocrx_word' id='word_1_178' title='bbox 962 1409 1062 1435; x_wconf 85' lang='lat' dir='ltr'><strong>vero</strong></span> <span class='ocrx_word' id='word_1_179' title='bbox 1095 1394 1279 1434; x_wconf 83' lang='lat' dir='ltr'><strong>occurrit</strong></span> <span class='ocrx_word' id='word_1_180' title='bbox 1299 1394 1341 1431; x_wconf 91' lang='lat' dir='ltr'><strong>in</strong></span> <span class='ocrx_word' id='word_1_181' title='bbox 1363 1395 1539 1447; x_wconf 83' lang='lat' dir='ltr'><em>Byzan-</em></span> 
     </span>
     <span class='ocr_line' id='line_1_23' title="bbox 84 1449 1540 1510; baseline -0.006 -13"><span class='ocrx_word' id='word_1_182' title='bbox 84 1461 272 1499; x_wconf 81' lang='lat' dir='ltr'><strong>tinorum</strong></span> <span class='ocrx_word' id='word_1_183' title='bbox 302 1455 590 1510; x_wconf 78' lang='lat' dir='ltr'><strong>psephismate</strong></span> <span class='ocrx_word' id='word_1_184' title='bbox 627 1453 738 1507; x_wconf 87' lang='lat' dir='ltr'><strong>apud</strong></span> <span class='ocrx_word' id='word_1_185' title='bbox 770 1453 1087 1493; x_wconf 75' lang='lat' dir='ltr'><strong>Demosthenem</strong></span> <span class='ocrx_word' id='word_1_186' title='bbox 1127 1451 1176 1491; x_wconf 86' lang='lat' dir='ltr'><strong>de</strong></span> <span class='ocrx_word' id='word_1_187' title='bbox 1222 1451 1397 1491; x_wconf 84' lang='lat' dir='ltr'><strong>Corona.</strong></span> <span class='ocrx_word' id='word_1_188' title='bbox 1438 1449 1540 1489; x_wconf 80' lang='lat' dir='ltr'><strong>hiuc</strong></span> 
     </span>
     <span class='ocr_line' id='line_1_24' title="bbox 85 1504 1541 1566; baseline -0.005 -11"><span class='ocrx_word' id='word_1_189' title='bbox 85 1524 226 1556; x_wconf 84' lang='lat' dir='ltr'><strong>autem</strong></span> <span class='ocrx_word' id='word_1_190' title='bbox 260 1511 550 1566; x_wconf 88' lang='lat' dir='ltr'><strong>metaphorica</strong></span> <span class='ocrx_word' id='word_1_191' title='bbox 578 1511 857 1550; x_wconf 80' lang='lat' dir='ltr'><strong>translatione</strong></span> <span class='ocrx_word' id='word_1_192' title='bbox 893 1509 1052 1549; x_wconf 81' lang='lat' dir='ltr'><strong>dicitur</strong></span> <span class='ocrx_word' id='word_1_193' title='bbox 1072 1508 1228 1562; x_wconf 81' lang='lat' dir='ltr'><strong>aliquis</strong></span> <span class='ocrx_word' id='word_1_194' title='bbox 1254 1504 1541 1560; x_wconf 69' lang='grc' dir='ltr'><em>ἀνακηρύττειν</em></span> 
     </span>
     <span class='ocr_line' id='line_1_25' title="bbox 83 1562 1542 1624; baseline -0.008 -10"><span class='ocrx_word' id='word_1_195' title='bbox 83 1568 199 1623; x_wconf 68' lang='grc' dir='ltr'><em>τινα,</em></span> <span class='ocrx_word' id='word_1_196' title='bbox 231 1570 307 1624; x_wconf 88' lang='lat' dir='ltr'><strong>qui</strong></span> <span class='ocrx_word' id='word_1_197' title='bbox 336 1568 535 1609; x_wconf 86' lang='lat' dir='ltr'><strong>laudibus</strong></span> <span class='ocrx_word' id='word_1_198' title='bbox 564 1567 749 1621; x_wconf 87' lang='lat' dir='ltr'><strong>aliquem</strong></span> <span class='ocrx_word' id='word_1_199' title='bbox 782 1565 988 1616; x_wconf 73' lang='lat' dir='ltr'><strong>celebrat,</strong></span> <span class='ocrx_word' id='word_1_200' title='bbox 1029 1574 1071 1605; x_wconf 90' lang='lat' dir='ltr'><strong>et</strong></span> <span class='ocrx_word' id='word_1_201' title='bbox 1106 1566 1166 1603; x_wconf 90' lang='lat' dir='ltr'><strong>sic</strong></span> <span class='ocrx_word' id='word_1_202' title='bbox 1196 1565 1406 1617; x_wconf 81' lang='lat' dir='ltr'><strong>reperitur</strong></span> <span class='ocrx_word' id='word_1_203' title='bbox 1430 1562 1542 1616; x_wconf 82' lang='lat' dir='ltr'><strong>apud</strong></span> 
     </span>
     <span class='ocr_line' id='line_1_26' title="bbox 86 1620 1540 1682; baseline -0.006 -14"><span class='ocrx_word' id='word_1_204' title='bbox 86 1628 333 1682; x_wconf 76' lang='lat' dir='ltr'><strong>Euriapizcm</strong></span> <span class='ocrx_word' id='word_1_205' title='bbox 355 1627 400 1665; x_wconf 91' lang='lat' dir='ltr'><strong>in</strong></span> <span class='ocrx_word' id='word_1_206' title='bbox 421 1625 643 1679; x_wconf 87' lang='lat' dir='ltr'><strong>prooemio</strong></span> <span class='ocrx_word' id='word_1_207' title='bbox 666 1623 748 1663; x_wconf 89' lang='lat' dir='ltr'><strong>hoc</strong></span> <span class='ocrx_word' id='word_1_208' title='bbox 778 1623 928 1673; x_wconf 84' lang='lat' dir='ltr'><strong>verbi,</strong></span> <span class='ocrx_word' id='word_1_209' title='bbox 960 1633 1001 1662; x_wconf 80' lang='lat' dir='ltr'><strong>et</strong></span> <span class='ocrx_word' id='word_1_210' title='bbox 1024 1622 1253 1673; x_wconf 79' lang='lat' dir='ltr'><strong>Xenophon</strong></span> <span class='ocrx_word' id='word_1_211' title='bbox 1272 1621 1317 1659; x_wconf 86' lang='lat' dir='ltr'><strong>in</strong></span> <span class='ocrx_word' id='word_1_212' title='bbox 1339 1620 1540 1659; x_wconf 69' lang='lat' dir='ltr'><strong>Hier-noe:</strong></span> 
     </span>
     <span class='ocr_line' id='line_1_27' title="bbox 86 1675 1542 1738; baseline -0.01 -10"><span class='ocrx_word' id='word_1_213' title='bbox 86 1687 218 1729; x_wconf 63' lang='grc' dir='ltr'><em>ἔπειτα</em></span> <span class='ocrx_word' id='word_1_214' title='bbox 245 1683 380 1738; x_wconf 76' lang='grc' dir='ltr'><em>δὲτὴν</em></span> <span class='ocrx_word' id='word_1_215' title='bbox 406 1680 480 1736; x_wconf 80' lang='grc' dir='ltr'><strong>σὴν</strong></span> <span class='ocrx_word' id='word_1_216' title='bbox 500 1683 619 1734; x_wconf 83' lang='grc' dir='ltr'><em>νίκην</em></span> <span class='ocrx_word' id='word_1_217' title='bbox 642 1678 718 1723; x_wconf 74' lang='grc' dir='ltr'><strong>οὐκ</strong></span> <span class='ocrx_word' id='word_1_218' title='bbox 749 1677 800 1722; x_wconf 68' lang='grc' dir='ltr'><strong>ἂν</strong></span> <span class='ocrx_word' id='word_1_219' title='bbox 831 1678 887 1729; x_wconf 83' lang='grc' dir='ltr'><em>εἷς</em></span> <span class='ocrx_word' id='word_1_220' title='bbox 917 1681 976 1732; x_wconf 73' lang='grc' dir='ltr'><strong>εἴη</strong></span> <span class='ocrx_word' id='word_1_221' title='bbox 1009 1675 1031 1720; x_wconf 75' lang='grc' dir='ltr'>ὅ</span> <span class='ocrx_word' id='word_1_222' title='bbox 1061 1676 1367 1731; x_wconf 70' lang='grc' dir='ltr'><em>ἀνακηρύττων,</em></span> <span class='ocrx_word' id='word_1_223' title='bbox 1395 1685 1542 1729; x_wconf 83' lang='lat' dir='ltr'><strong>postea</strong></span> 
     </span>
     <span class='ocr_line' id='line_1_28' title="bbox 87 1733 1544 1789; baseline -0.008 -7"><span class='ocrx_word' id='word_1_224' title='bbox 87 1757 181 1783; x_wconf 73' lang='lat' dir='ltr'><strong>vero</strong></span> <span class='ocrx_word' id='word_1_225' title='bbox 212 1743 331 1781; x_wconf 76' lang='lat' dir='ltr'><strong>&#39;tuam</strong></span> <span class='ocrx_word' id='word_1_226' title='bbox 359 1741 585 1779; x_wconf 71' lang='lat' dir='ltr'><strong>victoriam</strong></span> <span class='ocrx_word' id='word_1_227' title='bbox 618 1753 700 1777; x_wconf 87' lang='lat' dir='ltr'><strong>non</strong></span> <span class='ocrx_word' id='word_1_228' title='bbox 732 1753 838 1777; x_wconf 82' lang='lat' dir='ltr'><strong>unus</strong></span> <span class='ocrx_word' id='word_1_229' title='bbox 867 1740 924 1776; x_wconf 72' lang='lat' dir='ltr'><strong>sit</strong></span> <span class='ocrx_word' id='word_1_230' title='bbox 953 1739 1027 1789; x_wconf 77' lang='lat' dir='ltr'><strong>qui</strong></span> <span class='ocrx_word' id='word_1_231' title='bbox 1053 1736 1240 1784; x_wconf 81' lang='lat' dir='ltr'><strong>celebret,</strong></span> <span class='ocrx_word' id='word_1_232' title='bbox 1272 1749 1324 1772; x_wconf 82' lang='lat' dir='ltr'><strong>ac</strong></span> <span class='ocrx_word' id='word_1_233' title='bbox 1348 1733 1544 1771; x_wconf 70' lang='lat' dir='ltr'><strong>laudibus</strong></span> 
     </span>
     <span class='ocr_line' id='line_1_29' title="bbox 89 1792 1545 1854; baseline -0.009 -15"><span class='ocrx_word' id='word_1_234' title='bbox 89 1800 249 1854; x_wconf 78' lang='lat' dir='ltr'><strong>efferat.</strong></span> <span class='ocrx_word' id='word_1_235' title='bbox 307 1798 408 1846; x_wconf 90' lang='lat' dir='ltr'><strong>Illo,</strong></span> <span class='ocrx_word' id='word_1_236' title='bbox 443 1794 559 1850; x_wconf 86' lang='lat' dir='ltr'><strong>quod</strong></span> <span class='ocrx_word' id='word_1_237' title='bbox 585 1794 800 1849; x_wconf 85' lang='lat' dir='ltr'><strong>sequitur,</strong></span> <span class='ocrx_word' id='word_1_238' title='bbox 830 1792 960 1834; x_wconf 85' lang='lat' dir='ltr'><strong>verbo</strong></span> <span class='ocrx_word' id='word_1_239' title='bbox 982 1792 1118 1831; x_wconf 82' lang='lat' dir='ltr'><strong>utitur</strong></span> <span class='ocrx_word' id='word_1_240' title='bbox 1139 1792 1384 1842; x_wconf 81' lang='lat' dir='ltr'><strong>frequenter</strong></span> <span class='ocrx_word' id='word_1_241' title='bbox 1407 1792 1545 1828; x_wconf 86' lang='lat' dir='ltr'><strong>Heor-</strong></span> 
     </span>
     <span class='ocr_line' id='line_1_30' title="bbox 89 1844 1545 1907; baseline -0.006 -12"><span class='ocrx_word' id='word_1_242' title='bbox 89 1858 237 1907; x_wconf 72' lang='lat' dir='ltr'><strong>dotus,</strong></span> <span class='ocrx_word' id='word_1_243' title='bbox 271 1855 401 1894; x_wconf 88' lang='lat' dir='ltr'><strong>sicuti</strong></span> <span class='ocrx_word' id='word_1_244' title='bbox 430 1853 474 1892; x_wconf 90' lang='lat' dir='ltr'><strong>in</strong></span> <span class='ocrx_word' id='word_1_245' title='bbox 499 1852 614 1891; x_wconf 73' lang='lat' dir='ltr'><strong>Clio:</strong></span> <span class='ocrx_word' id='word_1_246' title='bbox 645 1847 1004 1904; x_wconf 80' lang='grc' dir='ltr'><em>περιελαυνόμενος</em></span> <span class='ocrx_word' id='word_1_247' title='bbox 1028 1849 1068 1891; x_wconf 80' lang='grc' dir='ltr'><strong>δὲ</strong></span> <span class='ocrx_word' id='word_1_248' title='bbox 1095 1852 1144 1903; x_wconf 77' lang='grc' dir='ltr'><em>τῇ</em></span> <span class='ocrx_word' id='word_1_249' title='bbox 1158 1844 1289 1889; x_wconf 74' lang='grc' dir='ltr'><em>στάσει</em></span> <span class='ocrx_word' id='word_1_250' title='bbox 1316 1846 1545 1901; x_wconf 82' lang='grc' dir='ltr'><em>Μεγάκλης,</em></span> 
     </span>
     <span class='ocr_line' id='line_1_31' title="bbox 88 1903 1545 1967; baseline -0.009 -11"><span class='ocrx_word' id='word_1_251' title='bbox 88 1909 400 1967; x_wconf 77' lang='grc' dir='ltr'><em>ἐπεκηρυκεύετο</em></span> <span class='ocrx_word' id='word_1_252' title='bbox 439 1908 736 1966; x_wconf 78' lang='grc' dir='ltr'><em>Πεισιστράτῳ,</em></span> <span class='ocrx_word' id='word_1_253' title='bbox 778 1910 813 1950; x_wconf 84' lang='grc' dir='ltr'><em>εἰ</em></span> <span class='ocrx_word' id='word_1_254' title='bbox 838 1905 1021 1962; x_wconf 83' lang='grc' dir='ltr'><em>βούλοιτό</em></span> <span class='ocrx_word' id='word_1_255' title='bbox 1049 1908 1090 1947; x_wconf 81' lang='grc' dir='ltr'><strong>οἵ</strong></span> <span class='ocrx_word' id='word_1_256' title='bbox 1115 1903 1186 1958; x_wconf 72' lang='grc' dir='ltr'><em>τὴν</em></span> <span class='ocrx_word' id='word_1_257' title='bbox 1213 1904 1414 1958; x_wconf 80' lang='grc' dir='ltr'><em>θυγατέρα</em></span> <span class='ocrx_word' id='word_1_258' title='bbox 1445 1904 1545 1956; x_wconf 70' lang='grc' dir='ltr'><em>ἔχειν</em></span> 
     </span>
     <span class='ocr_line' id='line_1_32' title="bbox 88 1958 1546 2027; baseline -0.008 -15"><span class='ocrx_word' id='word_1_259' title='bbox 88 1975 263 2027; x_wconf 80' lang='grc' dir='ltr'><em>γυναῖκα</em></span> <span class='ocrx_word' id='word_1_260' title='bbox 285 1969 418 2025; x_wconf 56' lang='lat' dir='ltr'><strong>salvii</strong></span> <span class='ocrx_word' id='word_1_261' title='bbox 445 1969 668 2019; x_wconf 86' lang='grc' dir='ltr'><em>τυραννίδι·</em></span> <span class='ocrx_word' id='word_1_262' title='bbox 701 1976 742 2005; x_wconf 89' lang='lat' dir='ltr'><strong>et</strong></span> <span class='ocrx_word' id='word_1_263' title='bbox 776 1964 821 2004; x_wconf 87' lang='lat' dir='ltr'><strong>in</strong></span> <span class='ocrx_word' id='word_1_264' title='bbox 854 1963 996 2004; x_wconf 85' lang='lat' dir='ltr'><strong>eadem</strong></span> <span class='ocrx_word' id='word_1_265' title='bbox 1017 1964 1168 2003; x_wconf 81' lang='lat' dir='ltr'><strong>Musa:</strong></span> <span class='ocrx_word' id='word_1_266' title='bbox 1202 1965 1377 2016; x_wconf 86' lang='grc' dir='ltr'><em>Κροῖσος</em></span> <span class='ocrx_word' id='word_1_267' title='bbox 1406 1959 1447 2002; x_wconf 80' lang='grc' dir='ltr'><strong>δὲ</strong></span> <span class='ocrx_word' id='word_1_268' title='bbox 1475 1958 1546 2013; x_wconf 82' lang='grc' dir='ltr'><strong>μὲν</strong></span> 
     </span>
     <span class='ocr_line' id='line_1_33' title="bbox 88 2021 828 2081; baseline -0.009 -11"><span class='ocrx_word' id='word_1_269' title='bbox 88 2032 211 2071; x_wconf 85' lang='grc' dir='ltr'><em>ταῦτα</em></span> <span class='ocrx_word' id='word_1_270' title='bbox 233 2021 291 2069; x_wconf 82' lang='grc' dir='ltr'><em>δι’</em></span> <span class='ocrx_word' id='word_1_271' title='bbox 311 2021 487 2081; x_wconf 69' lang='grc' dir='ltr'><em>ἀγγέλων</em></span> <span class='ocrx_word' id='word_1_272' title='bbox 508 2021 828 2077; x_wconf 78' lang='grc' dir='ltr'><em>ἐπεκηρυκεύετο.</em></span> 
     </span>
     <span class='ocr_line' id='line_1_34' title="bbox 205 2075 1548 2138; baseline -0.014 -12"><span class='ocrx_word' id='word_1_273' title='bbox 205 2080 629 2138; x_wconf 78' lang='grc' dir='ltr'><em>ἐπικηρυκεύσασθαι]</em></span> <span class='ocrx_word' id='word_1_274' title='bbox 679 2080 772 2122; x_wconf 85' lang='lat' dir='ltr'><strong>MS.</strong></span> <span class='ocrx_word' id='word_1_275' title='bbox 807 2077 937 2119; x_wconf 85' lang='lat' dir='ltr'><strong>verbo</strong></span> <span class='ocrx_word' id='word_1_276' title='bbox 982 2075 1175 2116; x_wconf 85' lang='lat' dir='ltr'><strong>auctior:</strong></span> <span class='ocrx_word' id='word_1_277' title='bbox 1220 2076 1321 2118; x_wconf 81' lang='grc' dir='ltr'><em>ἐπικ.</em></span> <span class='ocrx_word' id='word_1_278' title='bbox 1361 2077 1548 2126; x_wconf 78' lang='grc' dir='ltr'><em>διακηρυ-</em></span> 
     </span>
     <span class='ocr_line' id='line_1_35' title="bbox 91 2131 1549 2192; baseline -0.012 -7"><span class='ocrx_word' id='word_1_279' title='bbox 91 2139 339 2191; x_wconf 81' lang='grc' dir='ltr'><em>κεύσασθαι,</em></span> <span class='ocrx_word' id='word_1_280' title='bbox 383 2140 480 2192; x_wconf 79' lang='grc' dir='ltr'><em>ἐκεχ.</em></span> <span class='ocrx_word' id='word_1_281' title='bbox 539 2137 644 2178; x_wconf 86' lang='lat' dir='ltr'><strong>Eius</strong></span> <span class='ocrx_word' id='word_1_282' title='bbox 671 2141 810 2190; x_wconf 78' lang='grc' dir='ltr'><em>χρῆσις</em></span> <span class='ocrx_word' id='word_1_283' title='bbox 842 2145 884 2174; x_wconf 84' lang='lat' dir='ltr'><strong>et</strong></span> <span class='ocrx_word' id='word_1_284' title='bbox 915 2133 1028 2188; x_wconf 87' lang='lat' dir='ltr'><strong>apud</strong></span> <span class='ocrx_word' id='word_1_285' title='bbox 1060 2132 1235 2172; x_wconf 89' lang='lat' dir='ltr'><strong>suaviss.</strong></span> <span class='ocrx_word' id='word_1_286' title='bbox 1279 2131 1549 2170; x_wconf 77' lang='lat' dir='ltr'><strong>Heliodorum</strong></span> 
     </span>
     <span class='ocr_line' id='line_1_36' title="bbox 91 2185 1550 2248; baseline -0.01 -8"><span class='ocrx_word' id='word_1_287' title='bbox 91 2198 192 2240; x_wconf 83' lang='lat' dir='ltr'><strong>libr.</strong></span> <span class='ocrx_word' id='word_1_288' title='bbox 216 2213 327 2238; x_wconf 83' lang='lat' dir='ltr'><strong>vnr.</strong></span> <span class='ocrx_word' id='word_1_289' title='bbox 369 2194 619 2248; x_wconf 85' lang='lat' dir='ltr'><strong>Aethiopic.</strong></span> <span class='ocrx_word' id='word_1_290' title='bbox 653 2192 805 2232; x_wconf 82' lang='lat' dir='ltr'><strong>initio:</strong></span> <span class='ocrx_word' id='word_1_291' title='bbox 838 2190 861 2234; x_wconf 81' lang='grc' dir='ltr'>ὁ</span> <span class='ocrx_word' id='word_1_292' title='bbox 888 2196 967 2234; x_wconf 83' lang='grc' dir='ltr'><em>τῶν</em></span> <span class='ocrx_word' id='word_1_293' title='bbox 987 2187 1204 2233; x_wconf 83' lang='grc' dir='ltr'><em>Αἰθιόπων</em></span> <span class='ocrx_word' id='word_1_294' title='bbox 1231 2185 1412 2241; x_wconf 71' lang='grc' dir='ltr'><em>βασιλεύς</em></span> <span class='ocrx_word' id='word_1_295' title='bbox 1429 2199 1550 2237; x_wconf 81' lang='grc' dir='ltr'><em>πρεσ-</em></span> 
     </span>
     <span class='ocr_line' id='line_1_37' title="bbox 127 2244 1548 2307; baseline -0.012 -9"><span class='ocrx_word' id='word_1_296' title='bbox 127 2257 214 2298; x_wconf 84' lang='grc' dir='ltr'><em>εἰαν</em></span> <span class='ocrx_word' id='word_1_297' title='bbox 245 2251 299 2303; x_wconf 80' lang='grc' dir='ltr'><strong>ὥς</strong></span> <span class='ocrx_word' id='word_1_298' title='bbox 324 2250 396 2296; x_wconf 76' lang='grc' dir='ltr'><em>τὸν</em></span> <span class='ocrx_word' id='word_1_299' title='bbox 420 2247 701 2307; x_wconf 80' lang='grc' dir='ltr'><em>Ὀροονδᾶτην</em></span> <span class='ocrx_word' id='word_1_300' title='bbox 733 2251 907 2299; x_wconf 76' lang='grc' dir='ltr'><em>στείλας,</em></span> <span class='ocrx_word' id='word_1_301' title='bbox 939 2248 1065 2305; x_wconf 80' lang='grc' dir='ltr'><em>ἐξῄτει</em></span> <span class='ocrx_word' id='word_1_302' title='bbox 1092 2247 1168 2299; x_wconf 86' lang='lat' dir='ltr'><strong>(ita</strong></span> <span class='ocrx_word' id='word_1_303' title='bbox 1198 2244 1308 2284; x_wconf 87' lang='lat' dir='ltr'><strong>enim</strong></span> <span class='ocrx_word' id='word_1_304' title='bbox 1341 2258 1433 2283; x_wconf 87' lang='lat' dir='ltr'><strong>cum</strong></span> <span class='ocrx_word' id='word_1_305' title='bbox 1451 2244 1548 2281; x_wconf 80' lang='lat' dir='ltr'><strong>Pal.</strong></span> 
     </span>
     <span class='ocr_line' id='line_1_38' title="bbox 125 2299 1551 2366; baseline -0.01 -12"><span class='ocrx_word' id='word_1_306' title='bbox 125 2311 192 2354; x_wconf 84' lang='lat' dir='ltr'><strong>IS.</strong></span> <span class='ocrx_word' id='word_1_307' title='bbox 212 2314 352 2366; x_wconf 83' lang='lat' dir='ltr'><strong>legere</strong></span> <span class='ocrx_word' id='word_1_308' title='bbox 380 2311 518 2358; x_wconf 85' lang='lat' dir='ltr'><strong>malo,</strong></span> <span class='ocrx_word' id='word_1_309' title='bbox 549 2317 599 2346; x_wconf 82' lang='lat' dir='ltr'><strong>ut</strong></span> <span class='ocrx_word' id='word_1_310' title='bbox 623 2317 664 2347; x_wconf 89' lang='lat' dir='ltr'><strong>et</strong></span> <span class='ocrx_word' id='word_1_311' title='bbox 690 2309 807 2359; x_wconf 87' lang='lat' dir='ltr'><strong>post)</strong></span> <span class='ocrx_word' id='word_1_312' title='bbox 829 2307 899 2359; x_wconf 81' lang='grc' dir='ltr'><strong>μὲν</strong></span> <span class='ocrx_word' id='word_1_313' title='bbox 915 2307 983 2348; x_wconf 83' lang='grc' dir='ltr'><em>καὶ</em></span> <span class='ocrx_word' id='word_1_314' title='bbox 1009 2302 1078 2352; x_wconf 72' lang='grc' dir='ltr'><em>τοὶς</em></span> <span class='ocrx_word' id='word_1_315' title='bbox 1098 2305 1239 2356; x_wconf 74' lang='grc' dir='ltr'><em>φίλας,</em></span> <span class='ocrx_word' id='word_1_316' title='bbox 1271 2299 1393 2355; x_wconf 77' lang='grc' dir='ltr'><em>ε’ξῄτει</em></span> <span class='ocrx_word' id='word_1_317' title='bbox 1415 2301 1456 2341; x_wconf 77' lang='grc' dir='ltr'><strong>δὲ</strong></span> <span class='ocrx_word' id='word_1_318' title='bbox 1485 2299 1551 2341; x_wconf 85' lang='grc' dir='ltr'><em>καὶ</em></span> 
     </span>
     <span class='ocr_line' id='line_1_39' title="bbox 95 2354 1551 2423; baseline -0.011 -12"><span class='ocrx_word' id='word_1_319' title='bbox 95 2367 146 2411; x_wconf 73' lang='grc' dir='ltr'><em>τὰ</em></span> <span class='ocrx_word' id='word_1_320' title='bbox 177 2364 419 2423; x_wconf 77' lang='grc' dir='ltr'><em>σμαράγδεια</em></span> <span class='ocrx_word' id='word_1_321' title='bbox 444 2366 630 2418; x_wconf 82' lang='grc' dir='ltr'><em>μέταλλα·</em></span> <span class='ocrx_word' id='word_1_322' title='bbox 664 2364 732 2406; x_wconf 84' lang='grc' dir='ltr'><em>καὶ</em></span> <span class='ocrx_word' id='word_1_323' title='bbox 752 2360 873 2404; x_wconf 78' lang='grc' dir='ltr'><em>πάλαι</em></span> <span class='ocrx_word' id='word_1_324' title='bbox 893 2359 1170 2415; x_wconf 73' lang='grc' dir='ltr'><em>περὶτούτων,</em></span> <span class='ocrx_word' id='word_1_325' title='bbox 1202 2354 1256 2406; x_wconf 78' lang='grc' dir='ltr'><strong>ὧς</strong></span> <span class='ocrx_word' id='word_1_326' title='bbox 1276 2358 1437 2409; x_wconf 76' lang='grc' dir='ltr'><em>εἴρηται,</em></span> <span class='ocrx_word' id='word_1_327' title='bbox 1467 2358 1551 2397; x_wconf 80' lang='grc' dir='ltr'><em>δια-</em></span> 
     </span>
     <span class='ocr_line' id='line_1_40' title="bbox 101 2412 1551 2480; baseline -0.018 -5"><span class='ocrx_word' id='word_1_328' title='bbox 101 2425 369 2480; x_wconf 62' lang='grc' dir='ltr'><strong>κηρυκέύσᾱς,</strong></span> <span class='ocrx_word' id='word_1_329' title='bbox 401 2424 464 2465; x_wconf 67' lang='grc' dir='ltr'><strong>καὶ</strong></span> <span class='ocrx_word' id='word_1_330' title='bbox 491 2418 541 2464; x_wconf 71' lang='grc' dir='ltr'><strong>Ου’</strong></span> <span class='ocrx_word' id='word_1_331' title='bbox 559 2417 702 2475; x_wconf 72' lang='grc' dir='ltr'><em>τυχών·</em></span> <span class='ocrx_word' id='word_1_332' title='bbox 760 2421 857 2459; x_wconf 82' lang='lat' dir='ltr'><strong>Hoc</strong></span> <span class='ocrx_word' id='word_1_333' title='bbox 877 2414 1236 2473; x_wconf 78' lang='grc' dir='ltr'><em>ἐπικηρυκεύεσθαι</em></span> <span class='ocrx_word' id='word_1_334' title='bbox 1256 2413 1361 2452; x_wconf 83' lang='lat' dir='ltr'><strong>dicit</strong></span> <span class='ocrx_word' id='word_1_335' title='bbox 1376 2412 1468 2454; x_wconf 81' lang='lat' dir='ltr'><strong>libr.</strong></span> <span class='ocrx_word' id='word_1_336' title='bbox 1484 2427 1551 2450; x_wconf 85' lang='lat' dir='ltr'><strong>1x.</strong></span> 
     </span>
     <span class='ocr_line' id='line_1_41' title="bbox 97 2467 1550 2536; baseline -0.011 -11"><span class='ocrx_word' id='word_1_337' title='bbox 97 2485 166 2525; x_wconf 76' lang='grc' dir='ltr'><em>καὶ</em></span> <span class='ocrx_word' id='word_1_338' title='bbox 197 2477 566 2536; x_wconf 79' lang='grc' dir='ltr'><em>τὸνὈροονδᾶτην</em></span> <span class='ocrx_word' id='word_1_339' title='bbox 601 2475 964 2532; x_wconf 81' lang='grc' dir='ltr'><em>ἐπικηρυκεύεσθαι</em></span> <span class='ocrx_word' id='word_1_340' title='bbox 1001 2473 1103 2530; x_wconf 83' lang='grc' dir='ltr'><em>πρὸς</em></span> <span class='ocrx_word' id='word_1_341' title='bbox 1126 2467 1340 2523; x_wconf 63' lang='grc' dir='ltr'><em>’Τδάσπην</em></span> <span class='ocrx_word' id='word_1_342' title='bbox 1361 2470 1550 2511; x_wconf 82' lang='grc' dir='ltr'><em>ἱκέτευον.</em></span> 
     </span>
     <span class='ocr_line' id='line_1_42' title="bbox 86 2544 292 2579; baseline 0 0"><span class='ocrx_word' id='word_1_343' title='bbox 86 2544 292 2579; x_wconf 65' lang='lat' dir='ltr'><strong>quenum.</strong></span> 
     </span>
     <span class='ocr_line' id='line_1_43' title="bbox 210 2580 1553 2649; baseline -0.014 -12"><span class='ocrx_word' id='word_1_344' title='bbox 210 2593 487 2649; x_wconf 58' lang='grc' dir='ltr'><em>ἀπαγγεῖλαι]</em></span> <span class='ocrx_word' id='word_1_345' title='bbox 526 2594 627 2632; x_wconf 88' lang='lat' dir='ltr'><strong>Post</strong></span> <span class='ocrx_word' id='word_1_346' title='bbox 655 2588 888 2646; x_wconf 70' lang='grc' dir='ltr'><em>τῖπαγγεῖλαι</em></span> <span class='ocrx_word' id='word_1_347' title='bbox 915 2590 1065 2629; x_wconf 83' lang='lat' dir='ltr'><strong>iterum</strong></span> <span class='ocrx_word' id='word_1_348' title='bbox 1099 2594 1188 2624; x_wconf 78' lang='lat' dir='ltr'><strong>tota</strong></span> <span class='ocrx_word' id='word_1_349' title='bbox 1218 2584 1263 2621; x_wconf 88' lang='lat' dir='ltr'><strong>in</strong></span> <span class='ocrx_word' id='word_1_350' title='bbox 1292 2591 1437 2621; x_wconf 83' lang='lat' dir='ltr'><strong>nostro</strong></span> <span class='ocrx_word' id='word_1_351' title='bbox 1458 2580 1553 2620; x_wconf 87' lang='lat' dir='ltr'><strong>MS.</strong></span> 
     </span>
     <span class='ocr_line' id='line_1_44' title="bbox 99 2635 1554 2706; baseline -0.012 -14"><span class='ocrx_word' id='word_1_352' title='bbox 99 2651 216 2693; x_wconf 86' lang='lat' dir='ltr'><strong>deest</strong></span> <span class='ocrx_word' id='word_1_353' title='bbox 239 2652 419 2706; x_wconf 79' lang='lat' dir='ltr'><strong>pagina:</strong></span> <span class='ocrx_word' id='word_1_354' title='bbox 454 2660 495 2691; x_wconf 91' lang='lat' dir='ltr'><strong>et</strong></span> <span class='ocrx_word' id='word_1_355' title='bbox 526 2650 672 2703; x_wconf 84' lang='lat' dir='ltr'><strong>itaque</strong></span> <span class='ocrx_word' id='word_1_356' title='bbox 703 2649 797 2688; x_wconf 87' lang='lat' dir='ltr'><strong>istis</strong></span> <span class='ocrx_word' id='word_1_357' title='bbox 828 2662 934 2703; x_wconf 83' lang='lat' dir='ltr'><strong>quae</strong></span> <span class='ocrx_word' id='word_1_358' title='bbox 963 2650 1196 2699; x_wconf 81' lang='lat' dir='ltr'><strong>sequuntur</strong></span> <span class='ocrx_word' id='word_1_359' title='bbox 1227 2639 1328 2678; x_wconf 84' lang='lat' dir='ltr'><strong>hinc</strong></span> <span class='ocrx_word' id='word_1_360' title='bbox 1349 2635 1554 2692; x_wconf 82' lang='lat' dir='ltr'><strong>usquead</strong></span> 
     </span>
    </p>
   </div>
   <div class='ocr_carea' id='block_1_3' title="bbox 145 2709 1284 2762">
    <p class='ocr_par' dir='ltr' id='par_1_3' title="bbox 145 2709 1284 2762">
     <span class='ocr_line' id='line_1_45' title="bbox 145 2709 1284 2762; baseline -0.004 -10"><span class='ocrx_word' id='word_1_361' title='bbox 145 2718 275 2754; x_wconf 85' lang='lat' dir='ltr'><strong>Pollux</strong></span> <span class='ocrx_word' id='word_1_362' title='bbox 302 2718 382 2752; x_wconf 82' lang='lat' dir='ltr'><strong>Vol.</strong></span> <span class='ocrx_word' id='word_1_363' title='bbox 411 2720 459 2755; x_wconf 65' lang='lat' dir='ltr'><strong>V,</strong></span> <span class='ocrx_word' id='word_1_364' title='bbox 1164 2709 1199 2748; x_wconf 86' lang='lat' dir='ltr'>G</span> <span class='ocrx_word' id='word_1_365' title='bbox 1218 2721 1243 2762; x_wconf 79' lang='lat' dir='ltr'>g</span> <span class='ocrx_word' id='word_1_366' title='bbox 1260 2722 1284 2762; x_wconf 82' lang='lat' dir='ltr'>g</span> 
     </span>
    </p>
   </div>
  </div>
 </body>
</html>
