1664 3016
148 115 232 156 736
726 112 999 158 V111.104.

261 221 537 320 ληξΙιαρχικόν]
579 222 738 264 Eadem
769 225 1098 278 Harpocratio'
1085 243 1130 267 m
1149 226 1404 284 ληξιαρχικὸν
1418 245 1601 287 γραμμα-

149 286 270 325 τεῖον.
348 295 417 318 uno

260 332 510 388 ληξιαρχικόν
528 336 814 392 γραμματεῖον]
845 338 1052 379 Meminit
1071 340 1374 394 Etymologus'
1362 355 1408 380 m
1425 337 1599 384 ’-Επιδιε

150 393 210 442 τὲς
231 389 404 446 η’βησαι,
435 401 477 431 et
499 406 598 431 mox
619 394 785 435 Noster.
846 393 974 447 Quod
998 405 1134 436 autem
1155 397 1230 448 τὴν
1249 395 1437 455 πατρῴαν
1459 393 1601 441 ουσίαν

149 451 304 491 Pollux
322 450 434 501 λῆξιν
456 447 549 487 dici
565 448 784 500 adfirmet,
814 449 896 489 id
883 465 1021 503 ipsum
1040 462 1082 492 et
1100 453 1150 492 ab
1174 441 1508 506 ῘΙανροοναιίοηο
1525 468 1600 494 no-

149 515 284 545 tatum
315 503 505 558 reperio,
547 504 618 544 cui
649 505 831 546 Suidam
856 506 982 547 adde·
1018 510 1255 562 Hesychius
1284 512 1398 563 λῆξιν
1419 510 1602 564 exponit

147 564 439 617 κληρονομίαν,
494 560 673 601 Ionibus
713 566 847 614 λᾶξις
898 573 962 604 est
1005 565 1152 620 itaque
1184 567 1339 608 veteris
1379 566 1601 607 Atticismi

149 633 196 659 ea
219 632 325 660 vox.
1335 645 1340 649 -

260 674 451 742 πατρῷα]
482 673 574 716 MS.
594 676 770 728 πατρῶα,
800 685 849 715 ut
867 685 909 716 et
929 676 1091 730 priores
1112 675 1214 717 edit.
1273 683 1385 722 que.

261 730 579 786 παρελάμβανεν]
602 732 648 774 C.
666 734 714 771 A.
733 730 1019 789 ἀνελάμβανεν
1047 732 1137 775 vid.
1157 735 1369 788 Harpocr.
1383 735 1602 791 ἰηληξιαρ-

148 785 261 845 χικόν
280 794 556 857 γραμματεῖον.
614 794 758 830 Knmm.

261 863 350 900 περι
368 842 624 899 εστιαρχων]
661 845 708 887 C.
739 846 789 885 Α.
818 843 1113 901 περιστιοῖρχων
1140 847 1297 888 omisso
1325 848 1433 904 περί·
1465 848 1514 889 C.
1546 849 1600 889 V.

148 906 435 956 περιστίαρχοι·
465 904 646 955 περίστια
667 902 868 942 dicuntur
887 904 1128 968 expia-trices·
1147 906 1355 956 victumae,
1366 919 1474 960 quae
1493 905 1601 945 circa

150 961 292 999 focum
319 960 424 1012 (περὶ
446 960 596 1010 ἑστίαν)
613 959 881 998 lustrationis
903 959 1036 1014 gratia
1062 959 1320 1012 ferebantur,
1354 961 1514 1016 quique
1534 964 1603 1002 vel

150 1017 320 1056 domum
351 1017 418 1055 vel
448 1015 699 1055 concionem
729 1014 959 1070 urbemque
992 1015 1162 1070 publice
1190 1017 1450 1069 lustrabant,
1481 1027 1604 1058 erant

148 1075 428 1145 περιστίαρχοι.
462 1070 549 1111 vid.
573 1071 692 1112 Suid.
720 1072 764 1110 in
786 1071 828 1111 h.
850 1087 892 1111 v.
949 1078 1099 1112 Kumm.

261 1131 354 1182 περὶ
391 1124 650 1183 ἓστιᾶρχων.]
694 1127 788 1170 MS.
828 1128 980 1167 titulus
1009 1130 1302 1185 περιστίαρχοι·
1340 1131 1400 1171 ita
1432 1140 1483 1171 ut
1510 1148 1602 1186 περι

149 1185 440 1238 scribaturper
459 1201 502 1235 π,
534 1185 603 1224 cui
623 1184 938 1238 superpositum
959 1195 1022 1225 est
1043 1203 1072 1236 ε,
1105 1200 1190 1240 quo
1215 1186 1470 1242 compendio
1485 1202 1602 1241 prae-

148 1242 311 1296 positio
332 1242 420 1294 περὶ
443 1254 606 1295 semper
628 1240 672 1278 in
691 1241 787 1281 MS.
808 1240 938 1280 scribi
950 1245 1073 1290 solet,
1092 1251 1140 1281 ut
1152 1252 1193 1283 et
1213 1257 1302 1297 seq.
1325 1245 1454 1284 titulo
1475 1245 1537 1283 sic
1555 1243 1601 1283 in

147 1298 242 1342 MS
261 1297 713 1350 nsptnozoascribatur:
745 1296 861 1350 quod
884 1299 1016 1336 errori
1037 1299 1102 1338 illi
1120 1301 1259 1339 locum
1283 1298 1413 1347 dedit,
1428 1314 1512 1355 quo
1527 1314 1603 1341 no·

148 1355 212 1395 bis
238 1354 428 1395 finxere‘
409 1352 664 1409 εστιὰρχους,
696 1367 800 1408 quos
824 1351 896 1391 hic
915 1357 1054 1394 nullos
1078 1354 1392 1411 adgnoscimus,
1429 1370 1603 1411 eosque,

149 1412 185 1452 si
206 1411 281 1467 qui
302 1421 425 1462 sunt,
469 1409 520 1450 ad
540 1410 736 1463 privatos
758 1412 864 1450 lares
883 1409 1157 1477 ablegamus,
1188 1422 1230 1452 et
1253 1412 1462 1467 imperent
1488 1412 1603 1452 domi

147 1483 248 1509 suae
283 1468 491 1508 iubemus.
540 1469 806 1534 περιστίαρχοι
827 1465 962 1518 enim,
996 1470 1090 1516 vel,
1122 1477 1170 1507 ut
1189 1468 1361 1508 titulum
1383 1471 1603 1524 vulgatum

147 1523 440 1574 emendemus,
481 1525 574 1578 περὶ
594 1538 892 1578 περιστιαρχων,
921 1537 1019 1563 vera
1038 1525 1170 1564 lectio
1196 1535 1280 1575 est,
1311 1524 1426 1581 quod
1445 1524 1604 1579 duplex

147 1583 238 1636 περὶ
261 1581 456 1650 profecto
481 1579 547 1619 his
569 1581 726 1620 nostris
752 1578 893 1619 fraudi
922 1579 1022 1620 fuit.
1083 1581 1344 1634 Hesychius.
1375 1583 1600 1636 περιστίαρ-

146 1656 238 1695 χος,
283 1635 305 1680 ὁ
333 1638 635 1692 περικαθαίρων
654 1635 727 1706 τήν
748 1637 880 1679 ἑστίαν
900 1637 966 1678 καὶ
984 1635 1057 1701 τῂν
1076 1638 1299 1690 ἐκκλησίαν.
1357 1639 1416 1678 Et
1436 1639 1604 1692 prolixe

149 1695 330 1735 Suedas.-
361 1696 657 1764 περιστίαρχος,
688 1690 708 1736 ὅ
728 1695 1027 1762 περικαθαίρων
1045 1693 1118 1747 τήν
1135 1693 1267 1736 ἑστίαν
1284 1695 1350 1738 καὶ
1372 1692 1460 1766 τῆν’,
1465 1693 1604 1748 ἔκκλη-

148 1754 240 1796 σίαν
266 1752 333 1794 καὶ
362 1749 434 1821 τὴν
456 1749 595 1793 πόλιν·
627 1748 708 1792 απὸ
734 1755 803 1802 τῆς
825 1751 966 1799 ἑστίας.
998 1746 1027 1803 ἢ
1051 1756 1126 1793 τοῦ
1142 1754 1420 1821 περιστείχειν·
1439 1750 1605 1820 Ἴστρος

149 1809 229 1852 δὲ’
212 1827 254 1851 εν
274 1813 357 1857 τοῖς
372 1805 579 1859 Ἀττικοῖς,
611 1804 802 1863 περίστιά,
825 1821 940 1860 φησι,
959 1807 1310 1879 προσαγορεύεται
1314 1807 1362 1851 τὰ
1380 1806 1603 1863 καθάρσια·

146 1868 216 1909 καὶ
239 1868 280 1909 οἱ
295 1883 341 1906 τα
365 1863 452 1919 ἱερα
471 1866 748 1919 καθαίροντες,
782 1866 1073 1933 περιστίαρχοι·
1101 1866 1249 1914 ἔξωθεν
1264 1863 1340 1921 γὰρ
1355 1866 1604 1920 περιέχονται

147 1921 222 1978 (an
259 1921 547 1976 περιέρχονται)
577 1921 975 1976 μαχαιροφοροῦντες
1003 1918 1170 1963 ἓκαστου
1198 1938 1278 1964 των
1313 1925 1430 1978 ἱερῶν
1460 1923 1606 1971 οἰκίαις

146 1980 467 2047 περιειλημμένοι
484 1980 710 2031 δημοσίαις,
731 1977 798 2019 καὶ
818 1978 1101 2045 περίδρομον”
1078 1995 1241 2048 εχοντες.
1272 1979 1349 2019 Et:
1381 1981 1602 2033 περιστίαρ-

146 2053 229 2105 χος,
263 2033 284 2077 ὅ
303 2039 380 2076 τῶν
400 2037 638 2103 καθαρσίων
658 2029 963 2088 προηγούμενος
985 2035 1026 2076 ἐν
1044 2041 1132 2084 ταῖς
1150 2036 1394 2087 imino-ime·
1425 2037 1605 2090 περίστια

146 2090 223 2149 γὰρ
251 2089 298 2133 τὰ
316 2090 533 2144 καθαρσια.
595 2092 802 2144 Sigonius
826 2090 952 2129 etiam
977 2091 1054 2131 lib.
1079 2107 1132 2133 rr.
1145 2090 1196 2132 de
1220 2092 1327 2145 Rep.
1345 2092 1498 2132 Athen.
1511 2105 1603 2159 cap.

146 2150 190 2193 4.
209 2147 322 2203 apud
342 2147 551 2188 Pollucem
571 2149 771 2187 Nostrum
793 2160 931 2186 veram
961 2147 1190 2187 lectionem
1213 2149 1302 2188 fere
1322 2147 1471 2188 videns
1485 2150 1604 2201 peri-

147 2205 337 2246 searchos
367 2201 470 2243 hinc
500 2202 680 2243 laudans
710 2217 815 2257 quos
839 2203 1142 2256 peristiarclzos
1165 2205 1368 2244 Nostrum
1383 2204 1604 2244 nominare

149 2260 425 2302 ostendimus.
476 2275 572 2300 nam
604 2274 710 2324 quae
742 2274 797 2299 ex
822 2260 1059 2299 Scholiasta
1079 2262 1294 2313 Aristoph.
1323 2259 1462 2301 adfert
1489 2259 1602 2300 idem

147 2320 360 2371 Sigonius,
391 2317 508 2370 paria
533 2331 627 2356 cum
648 2315 702 2354 iis
725 2329 832 2369 quae
852 2319 982 2359 altera
1004 2331 1055 2355 ex
1077 2317 1211 2357 Suida
1230 2316 1405 2371 protuli,
1426 2316 1471 2355 in
1485 2315 1602 2356 illius

147 2374 289 2416 verbis
312 2387 484 2428 quoque
511 2375 805 2428 περιστίαρχος,
837 2386 925 2412 non
950 2375 1208 2427 περίσταρχος
1228 2371 1520 2423 scribendum,
1551 2387 1604 2413 ex

147 2429 500 2499 praecedentibus
519 2439 650 2483 patet,
684 2438 725 2468 et
746 2428 913 2467 reddam
934 2444 1037 2468 mox
1063 2430 1145 2469 alia
1167 2429 1252 2469 duo
1273 2427 1616 2470 loca.1uu‹;.'

260 2487 352 2542 περὶ
373 2486 598 2541 ἓστιᾶρχων.
610 2486 625 2539 ]
664 2485 854 2524 Restitui
873 2501 1182 2541 περιστιαρχων.
1214 2485 1458 2525 faventibus
1477 2485 1601 2527 MSS.

148 2558 305 2585 errasse
344 2544 490 2597 itaque
521 2544 802 2581 Maussaeum
838 2551 958 2595 patet
1003 2541 1054 2581 ad
1081 2544 1484 2596 Harpocrationem,
1527 2541 1604 2595 qui

149 2600 378 2656 ἓστιάρχους
418 2599 491 2639 hic
518 2599 681 2640 Polluci
708 2597 846 2639 dictos
877 2607 1019 2653 putet,
1059 2612 1166 2655 quos
1198 2598 1274 2639 alii
1300 2607 1457 2640 vocant
1484 2614 1605 2653 περι-
