1696 3028
720 153 820 194 VII.
859 198 861 200 ,
879 156 946 197 36.
1489 152 1572 193 269

100 267 359 326 ὑφαντικὴν)
386 283 495 367 ἕπεο
511 269 560 310 ῖιι
581 267 712 310 Notis
730 267 872 307 seben·
890 265 1029 308 nostri
1051 264 1179 306 habes
1200 279 1258 306 ex
1281 266 1474 320 Sylburg.
1496 279 1575 305 co-

104 327 218 381 dice,
235 328 343 368 scias
364 341 386 368 a
433 326 494 367 H.
522 327 735 380 Stephano
755 339 858 380 esse,
888 324 965 381 qui
982 337 1111 364 manu
1133 337 1207 363 sua
1234 321 1288 364 ad
1309 322 1485 364 Codicis
1504 322 1574 362 sui

107 401 223 428 oram
245 385 319 426 hic
351 398 400 426 ea
431 383 482 425 ad
517 384 651 435 osuit,
681 392 909 438 postquam
937 379 1195 438 signandum
1222 379 1349 420 iussit
1375 378 1475 423 κατὰ
1499 378 1574 433 τὴν

106 442 277 499 ἀρχαίαν
295 438 539 497 ὖφαντικην.
569 456 648 485 nec
683 439 847 495 syllaba
876 439 1103 493 discrepat.
1134 435 1242 478 adeo
1270 447 1322 477 ut
1337 436 1439 479 inde
1460 447 1575 478 recte

107 500 389 553 coniiciamus
403 500 676 554 Sylburgium
696 496 843 539 eodem
861 496 946 537 hoc
965 494 1115 536 codice
1129 494 1333 548 Stephani
1353 509 1482 535 manu
1503 493 1576 534 ad-

106 566 275 610 notato,
308 571 433 613 quem
468 555 520 597 ab
550 556 732 596 amiciss.
768 563 932 605 nostro,
963 552 1063 593 dum
1097 552 1144 592 in
1172 551 1285 592 vivis
1305 562 1407 604 erat,
1436 551 1573 592 amico

107 615 207 657 Hel.
224 612 424 656 Putsehio
446 613 702 668 accepimus,
733 610 882 653 eodem
904 611 1078 665 inquam
1094 607 1243 650 codice
1262 609 1335 652 τὸν
1353 611 1577 665 μακαρίτην

109 672 383 727 Sylburgium
403 685 523 712 usum
548 671 695 723 fuisse,
727 668 915 724 indeque
942 668 988 708 in
1023 680 1146 706 suum
1168 667 1484 719 Stephanianae
1504 666 1576 706 ob-

107 730 373 771 servationes
408 727 698 782 descripsisse,
739 735 791 766 ut
817 729 942 774 solet,
981 723 1019 764 si
1050 723 1163 764 forte
1190 738 1284 763 cum
1305 723 1472 764 Polluce
1501 723 1579 764 ali-

108 785 284 842 quando
310 795 488 842 possent
516 783 749 840 publicari,
811 782 902 823 Ubi
934 781 1082 836 itaque
1111 780 1292 834 posthac
1328 781 1430 821 talia
1462 783 1579 836 plus-

107 847 206 885 cula
243 842 565 894 invenerimus,
605 852 649 882 te
679 855 769 882 non
803 839 986 880 invitum
1030 835 1084 877 ad
1122 838 1263 876 Seberi
1299 838 1438 878 nostri
1477 838 1580 879 No-

107 911 174 943 tas
208 900 504 957 relegabimus.
572 900 664 940 Iam
697 897 750 938 ad
775 896 870 940 MS.
898 905 1091 936 nostrum
1111 924 1125 947 ,
1164 893 1256 949 qui,
1293 904 1343 935 ut
1370 888 1578 948 diximus,

107 958 183 999 hic
200 959 358 1015 pergit,
383 954 594 1009 Ἀριστίας
612 956 654 999 δὲ
670 951 903 1010 ὖφαντικήν
930 949 1110 1008 σπάθην,
1150 951 1249 995 ὅθεν
1274 961 1352 993 etc.
1377 953 1578 1005 maxima,

110 1016 265 1068 credo,
299 1013 470 1065 librarii
501 1015 667 1055 incuria
695 1022 739 1055 et
767 1009 1046 1067 negligentia.
1113 1009 1274 1051 Nescio
1305 1023 1408 1050 vero
1441 1025 1496 1050 an
1531 1010 1579 1049 in

110 1069 252 1128 σπάθη
268 1081 313 1114 et
335 1075 503 1131 σπαθᾷν
519 1072 681 1125 Nostro
700 1084 790 1111 uon
810 1066 1007 1122 Philyllii
1029 1065 1155 1109 verba
1173 1066 1220 1107 in
1241 1076 1384 1109 mente
1412 1067 1581 1109 fuerint

110 1145 221 1188 quae
241 1130 357 1171 infra
377 1144 422 1181 x,
455 1128 550 1172 126.
570 1142 627 1170 ex
643 1127 739 1168 MS.
761 1126 1046 1168 restituemus.
1078 1131 1189 1166 Iunc.

225 1204 353 1242 σπαθ.
370 1199 449 1254 χλ.]
494 1199 643 1237 Laena
669 1195 942 1251 pavidensis,
984 1194 1146 1246 crebra,
1186 1193 1351 1234 densius
1376 1201 1581 1245 contexta,

113 1257 237 1299 cuius
262 1256 474 1297 filamenta
501 1255 669 1310 spatha,
700 1268 790 1295 non
808 1253 998 1308 pectine,
1040 1251 1151 1293 bene
1176 1264 1376 1306 percussa
1406 1260 1450 1291 et
1479 1250 1582 1291 soli-

112 1315 213 1356 data
245 1321 377 1356 erant.
416 1311 504 1354 vid.
532 1311 712 1366 Hesych.
742 1311 788 1350 in
819 1307 1041 1361 σπαθατὸν,
1079 1310 1266 1351 Salmas.
1296 1308 1345 1349 in
1375 1308 1585 1350 Pollionis

117 1370 344 1413 Claudium
363 1383 459 1427 pag.
480 1369 578 1412 410.
614 1370 819 1424 Scaliger.
847 1368 895 1407 in
918 1368 1051 1408 Cir-in.
1083 1373 1238 1409 Kumm.

224 1446 350 1496 σπαθ.
371 1439 449 1495 χλ]
479 1439 563 1479 Pro
593 1440 662 1482 καὶ
690 1434 736 1482 τὸ
765 1435 976 1491 σπαθητός
993 1442 1052 1491 χλ.
1073 1452 1116 1479 π.
1139 1440 1190 1478 Σ.
1213 1434 1311 1478 MS.
1342 1442 1490 1475 noster
1508 1433 1584 1474 ha-

109 1498 196 1552 bet,
225 1498 294 1541 καὶ
310 1493 552 1551 ἆσπάθητον
566 1500 710 1551 χιτῶνα
728 1499 949 1549 Σοφοκλῆς
962 1492 1083 1537 εἶπεν.
1113 1496 1240 1549 plane
1261 1491 1397 1534 aliter.
1425 1491 1584 1531 Utrum

110 1556 248 1613 igitur
267 1553 449 1596 verius?
487 1555 598 1595 Sane
616 1554 710 1594 MS.
738 1552 869 1593 lectio
898 1551 1008 1590 mihi
1041 1550 1269 1606 displicere
1301 1563 1391 1590 non
1424 1558 1584 1602 potest,

112 1612 308 1669 quamvis
354 1610 502 1653 nescio
542 1613 686 1651 utrum
715 1610 773 1650 sit
807 1624 831 1648 a
861 1609 1059 1663 Sophocle
1091 1611 1322 1663 prolatum.
1392 1604 1513 1661 Quid
1545 1606 1586 1645 si

111 1669 405 1712 emendemus:
434 1669 502 1712 καὶ
521 1665 760 1722 άσπάθητος
775 1672 916 1722 χλαῖνα
932 1683 974 1710 π.
997 1670 1046 1709 Σ.
1073 1676 1124 1706 ut
1153 1664 1206 1705 ad
1231 1661 1412 1705 eundem
1440 1666 1585 1703 locum

111 1726 348 1783 respexerit
366 1725 606 1781 Hesychius
630 1724 729 1766 dum
748 1724 922 1765 scribit:
955 1720 1197 1778 άσπάθητον
1218 1727 1397 1778 χλαῖναν,
1421 1719 1497 1775 τὴν
1515 1723 1587 1764 δο-

114 1783 192 1840 ρὰν
222 1779 509 1840 παρόσον-οὔχ
535 1781 730 1837 ὕφανται.
799 1780 918 1822 Idem
948 1780 1130 1822 ibidem:
1171 1776 1413 1833 ἆσπάθητα,
1451 1775 1501 1820 τά
1529 1777 1586 1832 μὴ

111 1842 393 1896 κεκρουσμένα
418 1846 471 1899 τῇ
496 1841 634 1898 σπάθῃ
664 1837 812 1895 ἱμάτια.
884 1839 1013 1880 Certe
1044 1841 1268 1894 vulgatum
1298 1835 1343 1880 τὸ
1378 1833 1588 1890 σπαθητὸς

113 1899 322 1940 vitiosum
338 1907 470 1953 puto:
501 1899 695 1956 quamvis
725 1897 772 1938 id
786 1908 788 1911 ·
802 1896 932 1938 etiam
953 1896 1166 1951 placuisse
1192 1904 1341 1950 putem
1359 1892 1586 1947 Xylandro

113 1955 245 1997 Notis
268 1954 324 1996 ad
351 1954 506 1996 librum
535 1970 597 1999 vr.
626 1955 855 1996 Convival.
885 1963 1046 2010 quaest.
1065 1953 1317 2002 Plutarchi,
1347 1951 1425 1990 ubi
1451 1956 1590 1993 λεπτο-

116 2018 341 2110 σπαθξτοῖς
358 2013 574 2067 χλανιδίων
594 2014 794 2070 ἐρειπίοις,
823 2010 1024 2054 emendat
1045 2010 1093 2051 in
1124 2008 1380 2068 quibusdam
1410 2007 1588 2065 tragicis

114 2071 227 2113 versi
258 2085 322 2111 us.
351 2075 465 2113 Iunc.

227 2139 296 2182 καὶ
322 2146 448 2183 σπαθ.
480 2140 579 2194 etc.]
610 2139 677 2182 καὶ
701 2144 926 2195 σπαθητοῖς
951 2135 1179 2194 ὑφάσμασι.
1237 2134 1439 2189 'Aeschyli
1461 2134 1590 2176 verba

115 2206 231 2242 sunt.
260 2195 390 2238 habes
410 2197 526 2237 infra
544 2209 634 2247 vn,
665 2196 735 2252 78.
752 2196 988 2252 Hesychius·
1009 2204 1236 2250 corruptus
1257 2194 1305 2233 in
1330 2193 1416 2233 hoc
1435 2191 1589 2233 verbo:

116 2253 330 2299 σπαθατὸν
345 2253 391 2299 τὸ
414 2251 546 2308 ὀρθὰν
564 2253 680 2308 *nime
699 2253 838 2311 σπάθῃ
858 2255 1133 2309 κεκρουμένον
1146 2247 1193 2296 οὔ
1211 2251 1353 2295 κτένει.
1414 2250 1591 2303 Sylbur-

114 2316 215 2367 gius
234 2313 281 2352 in
300 2326 380 2354 suo
402 2311 562 2354 Codice
587 2312 796 2366 emendat,
827 2327 881 2354 an
911 2307 1139 2368 σπαθητὸν,
1167 2306 1213 2354 τό
1244 2305 1377 2364 ὀρθὸν
1405 2305 1590 2362 ὕφασμα.

116 2376 306 2411 IUNGERM.

230 2437 419 2495 ἐκάλουν]
449 2437 543 2482 MS.
564 2440 769 2490 καλοῦσιν,
798 2452 877 2493 pro
898 2437 1083 2483 ἐκάλουν.
1145 2433 1340 2492 Sequens
1361 2440 1491 2489 caput
1510 2429 1591 2471 ad-

119 2494 317 2552 iungitur
335 2498 430 2539 sine
446 2496 591 2550 titulo,
622 2504 673 2537 ut
689 2494 852 2537 dictum
873 2511 1014 2553 supra.
1042 2503 1156 2537 Iunc.

823 2569 891 2610 37.

119 2685 150 2719 K
235 2620 310 2668 ὅσα
326 2621 406 2669 ἇπὸ
424 2629 499 2669 τοῦ
523 2624 588 2681 π.]
621 2622 667 2666 G.
686 2622 738 2665 A.
766 2624 955 2680 περὶτοῦ
978 2620 1161 2667 πλύνειν.
1200 2618 1375 2675 reliquis
1401 2613 1588 2658 omissis.

151 2696 268 2722 ΗΕΚΝ·
