1664 3016
126 132 209 173 760
716 126 838 169 VIII.
899 131 992 172 110.

237 238 455 298 Ἐρεχθὶς]
487 240 812 295 Falckenburgii
834 239 998 292 Codex,
1028 239 1246 296 Ἐρεχθιῒς,
1272 244 1508 311 Rea-coemi&
1541 253 1587 285 et

130 315 231 340 mox
263 302 413 348 Οἶνιῒς·
454 296 680 347 nimirum,
722 297 837 353 quod
864 300 1032 352 saepius
1058 300 1102 338 in
1124 299 1353 340 recentiori
1375 300 1586 353 scriptura

132 357 223 398 fieri
245 365 371 407 amat,
398 372 424 408 η
443 352 753 408 degeneravit
742 369 785 393 m
808 372 834 397 ι.
891 354 984 394 Nos
1003 364 1139 396 autem
1168 355 1289 400 MSS.
1310 356 1446 396 secuti
1461 355 1587 397 fidem

131 412 435 468 elegantiorem
460 410 712 464 scripturam
743 411 789 450 in
832 419 996 452 textum
1024 412 1314 466 reposuimus,
1350 410 1587 468 Ἐρεχθηῒς,

131 480 220 509 tum
249 471 414 524 Αἰγηῒς,
446 476 490 507 et
516 482 616 506 mox
635 470 789 520 Οἰνηῒς,
822 468 893 508 cui
914 482 1008 508 cum
1031 482 1111 508 u⁸u
1128 468 1414 525 nitidiorique
1431 472 1586 511 analo-

134 526 232 582 giae
252 538 399 566 norma
418 524 620 563 convenit
645 525 809 566 melius

247 580 508 633 Πανδιωνὶς]
549 580 643 622 MS.
676 578 909 631 Πανδιόνις.
966 578 1023 622 Et
1051 580 1225 622 emenda
1247 583 1483 633 Πανδιονὶς,
1513 597 1590 638 pet

134 657 168 683 ο.
209 641 511 693 Harpocratio:
562 640 804 687 Πανδιονὶς
849 638 1118 693 Δημοσθένης
1144 638 1243 680 κατὰ
1279 642 1482 682 Μειδίου·
1518 642 1591 694 μία

132 714 213 739 των
233 698 328 739 δέκα
350 699 492 749 φυλων
511 692 611 763 παρ’
631 692 873 749 Ἀθηναίοις
902 697 1002 746 ἐστὶ,
1039 699 1250 764 κληθεῖσα
1255 693 1336 739 ἄπο
1360 699 1592 747 Πανδίονος

133 759 207 796 τοῦ
224 751 501 807 Ἐριχθονίου,
533 748 587 801 ὥς
603 750 717 794 α’λλοι
736 769 775 795 τε
794 753 933 796 πολλοὶ
947 753 1119 808 λέγουσι,
1151 747 1250 795 uaz‘
1259 755 1456 807 Τπερίδης
1471 755 1513 796 ἓν
1535 758 1595 811 τῳ

133 809 233 863 ὑπὲρ
257 811 506 863 Φορμησίου.
551 808 745 863 quamvis
777 808 890 863 apud
910 824 1006 849 eum
1026 812 1158 863 vulgo
1176 809 1235 848 ait
1253 811 1510 862 Πανδιωνὶς,
1540 820 1591 850 ut

134 880 178 908 et
211 868 398 909 Pollucis
439 864 558 906 editi.
618 865 691 905 sed
725 865 770 905 iu
804 869 904 906 loco
937 866 1253 915 Demosthenis,
1290 879 1416 922 quem
1440 866 1591 908 laudat

135 925 442 978 Harpocratio,
472 931 551 968 est.
581 939 628 977 τῃ
651 925 893 965 Πανδιονίδι
908 928 1033 978 φυλῇ.
1090 928 1203 964 Iunc

251 979 503 1032 Πανδιωνὶς]
541 979 608 1018 Ita
641 989 731 1019 erat
763 983 894 1036 vulgo
918 994 996 1035 per
1019 996 1073 1031 ω,
1103 978 1178 1021 sed
1206 982 1336 1022 male.
1367 977 1594 1021 emendavi

139 1040 198 1079 ita
233 1053 296 1079 ue·

203 1053 227 1094 q
248 1093 495 1148 Ἀκαμαντὶς]
526 1092 579 1132 In
598 1091 690 1134 MS.
709 1103 857 1133 nostro
880 1095 985 1134 male
1002 1092 1154 1133 omissa
1175 1102 1239 1134 est
1258 1091 1518 1149 Ἀκαμαντὶς,
1543 1090 1595 1133 de

139 1167 220 1223 qua
240 1151 328 1192 vid.
359 1151 742 1202 Harpocrationem
770 1150 816 1190 in
830 1147 1098 1204 Ἀκαμαντὶς,
1140 1159 1182 1192 et
1203 1150 1596 1205 Ethnicograplzum

141 1210 186 1248 in
193 1206 477 1263 Ἀκαμάντιον.
535 1213 649 1250 Iunc.

251 1264 449 1316 Λεοντὶς]
488 1260 570 1305 απὸ
599 1267 671 1306 τοῦ
701 1264 880 1313 Λέοντος
905 1264 1129 1315 nimirum,
1161 1262 1343 1319 quodam
1363 1263 1493 1305 heroe
1518 1277 1597 1304 nuo

142 1336 370 1377 eponymo,
402 1319 453 1360 de
475 1334 560 1374 quo
580 1329 623 1359 et
645 1321 739 1361 aliis
764 1335 916 1361 novem
935 1320 1081 1360 harum
1105 1320 1294 1359 tribuum
1316 1320 1405 1361 vid.
1429 1323 1598 1360 Pausa-

141 1383 240 1418 niae
260 1380 413 1418 Attica
435 1391 522 1416 non
542 1379 670 1431 longe
697 1376 778 1416 ab
766 1377 920 1430 mitio,
950 1387 993 1417 et
1021 1377 1317 1417 Demosthenis
1348 1377 1598 1417 Orationem

142 1436 380 1480 funebrem
419 1436 526 1473 male
548 1432 663 1488 apud
682 1435 902 1487 Sigonium
921 1433 1018 1475 libr.
1041 1450 1093 1476 n.
1118 1434 1170 1474 de
1191 1434 1300 1488 Rep.
1321 1434 1473 1474 Athen.
1505 1447 1598 1487 cap

145 1506 184 1536 2.
203 1503 270 1533 est
292 1494 462 1533 Leonis.
523 1491 581 1530 Et
612 1501 724 1531 certe
745 1491 1071 1530 Demosthenes'
1059 1506 1105 1530 m
1123 1487 1355 1545 Ἐπιταφίῳ
1372 1504 1462 1531 non
1481 1491 1600 1529 Leo-

145 1550 285 1601 nidae,
317 1548 390 1589 sed
417 1550 629 1591 Λεοντίδαι
650 1547 788 1587 habet.
847 1554 952 1589 Iuno

256 1606 389 1659 Οἶνὶς]
420 1606 503 1645 Pro
525 1606 634 1654 Οἰνὶς
662 1604 816 1644 iterum
846 1604 984 1644 scribe
1015 1614 1064 1644 ut
1085 1605 1129 1644 in
1155 1603 1249 1647 MS.
1267 1612 1344 1652 est,
1375 1605 1529 1658 Οἷνηῒς,
1559 1612 1602 1643 et

152 1667 299 1704 Oenei&
324 1663 430 1704 bene
458 1662 665 1715 Sigonius
685 1660 858 1703 ibidem.
917 1664 1207 1715 Harpocratio
1228 1659 1274 1701 in
1301 1663 1374 1704 Οἰν
1375 1663 1456 1715 η.ΐς
1494 1666 1602 1700 que.

252 1718 580 1773 Ἰπποθοωντὶς]
614 1717 914 1767 Ιπποθοωντὶς
949 1728 991 1758 et
1028 1716 1125 1760 MS.
1161 1717 1301 1759 habet.
1354 1716 1430 1757 sed
1458 1716 1603 1757 malim

149 1774 357 1820 scribere‘
364 1778 649 1826 Ιπποθοοντίς.
683 1772 949 1827 Ἱπποθόων,
980 1774 1104 1814 heros
1127 1774 1325 1814 nimirum
1349 1787 1600 1829 eponymua,

150 1848 193 1878 et
211 1833 507 1882 Ἵπποθόοντος
509 1831 672 1898 ἡρῷον,
703 1841 746 1872 et
755 1829 1031 1874 Ἵπποθὸοντα
1052 1841 1196 1871 natum
1217 1845 1270 1871 ex
1290 1833 1483 1884 Neptuno
1503 1845 1605 1870 nar-

151 1903 216 1932 rat
241 1893 490 1931 Pausanias
507 1890 550 1929 in
569 1893 748 1937 Atticis,
780 1899 822 1929 et
835 1885 1167 1930 Ἰπποθοοντίδαι
1192 1887 1306 1942 apud
1321 1888 1539 1927 Demosth.
1561 1887 1606 1929 ἐν

151 1954 207 2006 τῷ
227 1946 450 2000 Ἐπιταφίῳ
466 1946 735 1988 scribendum
753 1955 887 2000 puto,
917 1945 991 1984 ubi
1005 1943 1368 1997 Ἵπποθωοντίδαι,
1399 1945 1484 1985 alio
1505 1943 1607 1987 vitii

154 2019 321 2062 genere.
379 2011 490 2044 Iunc.

265 2061 456 2112 Αἰαντὶς]
497 2059 653 2099 Herod.
684 2058 758 2098 lib.
790 2074 832 2099 v.
865 2061 1000 2099 solum
1024 2060 1201 2099 Aiacem
1219 2058 1488 2115 peregrinum
1517 2071 1608 2100 esse

156 2134 210 2161 ex
232 2117 444 2168 omnibus,
477 2117 551 2171 qui
576 2116 749 2155 nomina
773 2115 970 2156 dederint
994 2116 1187 2156 tribubus
1209 2117 1364 2156 Atticis
1381 2117 1522 2158 refert.
1554 2129 1608 2154 ex

158 2174 304 2217 eodem
331 2177 428 2214 loeo
461 2183 658 2227 apparet,
690 2186 774 2227 quo
805 2183 994 2226 tempore
1015 2167 1131 2215 haee
1143 2174 1364 2227 impositio
1385 2171 1607 2213 nominum

158 2234 273 2272 facta
301 2231 380 2281 sit,
417 2243 569 2284 nempe
601 2229 677 2268 sub
708 2229 913 2268 Clisthene
940 2231 1209 2270 Alc-maeonis
1231 2232 1476 2283 propinquo.
1526 2241 1607 2282 pro

165 2290 371 2328 Clisthene
403 2289 556 2327 Noster
582 2286 776 2325 nominat
808 2286 948 2340 ipsum
980 2288 1293 2337 Alcmaeonem,
1334 2299 1422 2324 non
1447 2286 1609 2341 Regem

159 2346 358 2386 ultimum
386 2342 737 2393 Atheniensium,
768 2345 839 2398 qui
866 2343 980 2383 vixit
1002 2357 1136 2397 usque
1159 2342 1212 2382 ad
1240 2341 1502 2396 Olympiadis
1527 2356 1613 2381 vn.

163 2417 318 2442 annum
338 2401 526 2453 tertium,
555 2399 627 2440 sed
647 2401 942 2439 Alcmaeonem
959 2400 1175 2441 Pisistrati
1194 2398 1356 2440 hostem
1378 2412 1452 2452 per
1463 2400 1612 2452 Mega·

163 2461 266 2499 elem
288 2458 420 2497 filium
434 2466 475 2497 et
486 2467 678 2511 posteros
698 2456 881 2510 expulsi,
914 2457 1034 2496 cuius
1046 2467 1210 2510 tempus
1229 2454 1383 2495 incidit
1395 2456 1438 2494 in
1456 2455 1612 2509 Olymp.

166 2515 231 2566 67.
292 2515 580 2555 Concinerent
608 2513 759 2554 Pollux
788 2523 829 2552 et
858 2513 1111 2564 Herodotus,
1142 2513 1178 2552 si
1196 2514 1242 2551 in
1262 2512 1430 2553 Polluce
1449 2515 1614 2566 legere-

166 2586 280 2622 mus,
313 2573 375 2612 ἐπὶ
394 2571 435 2613 δὲ
450 2575 539 2612 miv*
556 2568 852 2623 Ἀλκμαίωνος,
885 2571 961 2608 sub
982 2569 1322 2619 Λίοηιαεοηίᾱὶε,
1352 2578 1400 2608 ut
1420 2566 1466 2607 in
1488 2582 1614 2621 prae-

169 2628 433 2675 cedentibus,
465 2639 506 2667 et
530 2627 590 2667 sic
611 2635 854 2681 sequeretur
871 2626 1017 2669 Pollux
1036 2627 1309 2667 Herodotum.
1367 2633 1513 2666 KmmN:
