1664 3016
700 122 824 164 VIII.
886 129 980 170 115.
1479 131 1561 173 773

105 236 279 277 nomina
312 240 391 286 (ut
412 235 488 290 qui
520 234 760 306 descriptos
789 237 1003 278 habebant
1019 251 1164 279 omnes
1183 238 1258 294 qui
1282 239 1365 279 iam
1382 215 1558 279 militari

102 293 152 333 in
173 297 342 344 aetate)
363 293 471 333 istos
507 291 748 348 ταξιάρχινυς
782 294 1033 346 adnotasse,
1065 294 1181 349 quod
1208 299 1468 350 παρασπίζειν
1487 295 1558 335 di-

102 359 220 391 ctum
250 349 397 390 fuerit.
423 349 487 388 sic
516 349 628 389 enim
664 350 771 391 bene
797 350 933 391 edidit
962 352 1137 391 Seberus
1165 362 1335 394 noster.
1366 352 1555 408 quamvis

101 406 194 449 MS.
233 406 332 446 Pal.
366 404 494 444 etiam
527 408 770 448 consentiat
797 423 892 448 cum
931 407 1145 460 prioribus
1167 408 1433 454 editionibus
1454 411 1556 450 vul-

99 462 304 518 gantibus
337 461 539 502 mendose
564 463 847 517 παραστήζειν.
906 464 1162 519 Corruptiss.
1194 479 1366 521 quoqne
1399 467 1446 505 in
1479 480 1554 506 ea-

102 519 198 559 dem
218 533 264 559 re
287 528 331 559 et
350 532 457 558 voce
476 518 725 572 Hesychius,
755 522 831 563 ubi
850 522 940 576 pari
963 521 1171 565 felicitate
1190 522 1256 561 uti
1287 520 1552 565 emendando

99 589 191 616 non
229 589 476 645 possumus,
520 576 611 620 MS.
642 577 792 618 codice
826 577 1010 618 defecti:
1050 581 1376 648 παρασιίζουσα,
1407 578 1495 627 ait,
1525 577 1554 630 ἤ

99 634 368 702 παρασπίζων,
401 650 426 683 η
447 637 742 688 παραστιχθεῖς
760 638 830 679 ἐπὶ
846 653 926 678 των
946 630 1227 679 ανακλυσειῶν
1244 637 1267 659 *
1272 633 1554 705 α’φιστερουν·

98 705 180 732 των
199 706 250 731 τα
267 687 449 742 ὀνόματα
464 692 738 758 παρεὶᾘστικται
791 691 978 764 Σώφρων
994 694 1037 735 δὲ
1052 685 1284 744 κεντήματοῖ
1310 706 1454 745 φησιν·
1480 692 1552 735 αλ·

98 750 162 789 λοι
195 764 250 796 ως
285 744 439 790 οἷπόντα
474 765 564 790 τινα
609 746 930 802 παραστήσουσα
962 765 1242 803 σημειουμενη.
1299 749 1359 788 Et
1402 748 1551 788 ultima

99 817 201 843 sane
223 817 394 873 quoque
423 805 624 844 asterisco
655 804 857 846 videntur
876 805 1089 858 notanda,
1117 819 1204 846 non
1223 807 1360 845 solum
1379 806 1550 859 priora·

100 874 196 899 cum
225 857 314 902 τινιὶ
352 860 466 900 enim
495 861 576 900 ista
607 859 799 904 desinere
817 872 939 917 puto,
969 861 1042 902 sed
1061 837 1148 902 rion
1170 861 1358 916 integra:
1387 860 1551 901 ethaeo

98 917 182 956 alia
208 915 351 957 denuo
381 915 503 958 addi.
540 922 860 970 παρασιίσουσα,
891 919 1170 973 σημειουμὲνη.
1213 917 1286 958 sed
1325 917 1379 958 ad
1410 918 1552 971 priora

98 983 309 1013 tentemus
343 983 483 1014 tamen
514 974 694 1028 aliquid.
754 974 874 1031 Quid
895 976 932 1014 si
958 976 1098 1026 forte,
1117 976 1445 1042 παραστιχθείς·
1484 975 1552 1017 ἰπὶ

96 1027 149 1087 τῇ
182 1025 403 1082 ανακλῆσιι
435 1048 515 1073 των
542 1030 739 1085 α’φυστερ.
778 1035 867 1072 vel:
904 1032 975 1074 ἔπι
997 1032 1076 1074 τῶν
1099 1030 1411 1082 α’νακληθέντων
1436 1029 1551 1084 α’φυ-

98 1103 201 1141 orep.
233 1087 306 1127 scd
334 1086 411 1126 alii
433 1088 590 1127 rectius
620 1088 927 1138 medebuntur·
958 1098 1069 1130 certe
1087 1086 1420 1142 α’φυσιερούντων
1441 1087 1550 1126 scri-

97 1142 280 1185 bendum
306 1154 393 1184 est:
407 1155 469 1185 et
501 1143 660 1184 dixerit
689 1146 939 1198 Hesychius,
973 1160 1102 1200 quum
1134 1145 1183 1184 ad
1209 1144 1415 1184 delectum
1438 1159 1550 1183 con-

97 1209 378 1247 vocarentur,
407 1210 450 1239 et
481 1201 715 1240 citarentur
744 1202 1012 1253 nominatim,
1045 1217 1098 1242 ex
1121 1204 1315 1256 catalogo
1337 1201 1549 1250 nimirum,

97 1271 121 1296 a
141 1255 395 1309 taxiarchis,
427 1271 506 1297 nec
530 1257 739 1310 venirent,
770 1261 839 1299 vel
859 1258 1112 1311 respondere
1135 1267 1375 1298 recusarent
1393 1256 1446 1297 ad
1465 1271 1549 1296 no·-

97 1327 208 1361 men‚
239 1312 379 1368 adque
397 1312 606 1354 delectum
633 1314 831 1355 accedere
857 1325 1110 1362 recusarent.
1145 1325 1249 1354 tunc
1266 1322 1411 1353 notam
1432 1313 1547 1379 ipso·

96 1385 189 1410 rum
218 1369 468 1409 nominibus
504 1371 639 1411 fuisse
677 1371 937 1439 adpositam,
968 1374 1035 1412 vel
1068 1371 1353 1430 dispuncta.
1365 1371 1436 1411 De
1469 1370 1547 1410 iis-

98 1426 191 1467 dem
217 1426 450 1467 taxiarchis
483 1429 641 1479 Lysia-5·
663 1445 764 1470 κατα
794 1424 1071 1500 Ἀλκιβιάδου
1080 1427 1338 1483 ἀστρατείας
1369 1424 1547 1470 uehunt·

96 1484 139 1526 ὁὲ
166 1501 237 1526 τον
263 1485 481 1549 ταξίαρχον
514 1485 741 1537 ἐξαλείφειν
772 1481 897 1528 αὖτόν
926 1487 970 1528 ἐκ
1000 1486 1071 1529 τοῦ
1107 1485 1281 1528 ὁπλιτῶν
1308 1481 1545 1538 καταλόγου.

99 1540 313 1581 Delebant
340 1540 487 1596 itaque
512 1541 578 1580 ini
610 1541 671 1581 ita
699 1541 874 1583 meritos
903 1545 1029 1596 plane
1060 1557 1113 1582 ex
1141 1545 1335 1597 catalogo
1353 1539 1545 1580 militari.

95 1598 325 1638 quenum.
1247 1622 1249 1624 -

207 1653 288 1708 υφ’
305 1654 443 1706 ἑτέρου
461 1653 542 1697 τῶν
562 1671 674 1711 ονομ.
683 1656 703 1709 ]
734 1655 900 1696 Notis'
886 1668 934 1695 ιιι
951 1658 1149 1695 Pausan.
1178 1654 1418 1719 legebamus
1441 1651 1545 1706 α’φυ·

96 1726 339 1766 στερουνιων
358 1709 537 1764 ονόματα
560 1726 612 1751 ex
631 1714 812 1766 Hesych.
841 1714 887 1752 in
917 1716 1226 1766 παρασιίζουσα,
1267 1726 1388 1765 quem
1406 1710 1543 1764 ipsum

97 1769 223 1808 etiam
243 1768 402 1809 ibidem
424 1767 648 1809 emendare
670 1770 898 1810 voluimus.
955 1770 1042 1808 Iam
1068 1783 1167 1808 vero
1192 1767 1318 1807 video
1351 1768 1396 1806 in
1417 1767 1465 1810 C.
1493 1766 1543 1808 V.

97 1826 225 1865 etiam
265 1825 375 1880 legi.-
410 1843 459 1868 τα
489 1826 570 1868 τῶν
597 1843 929 1878 αφυστερουηων
960 1823 1156 1878 ὄνόματα·
1185 1843 1252 1868 και
1273 1825 1387 1867 τοῦτο
1414 1840 1544 1877 παρα-

96 1878 251 1932 σιῆζειν
276 1883 455 1937 ἐλέγετο·
484 1882 560 1920 ubi
585 1897 708 1923 nemo
733 1897 821 1923 non
850 1882 968 1923 videt
997 1881 1219 1937 legendum
1243 1895 1331 1921 esse
1348 1882 1547 1934 naupacti-

97 1943 189 1990 ζειν.
219 1939 401 1980 Salmas.
433 1941 513 1993 leg.
545 1933 825 1992 tiouoov'urmv
852 1938 889 1982 o’.
924 1939 1038 1994 quod
1061 1953 1149 1979 non
1176 1939 1444 1992 praetulerim
1463 1950 1547 1976 no-

97 2006 208 2038 strae
231 1994 493 2048 Codicisqne
520 1996 727 2035 Voss-iani
745 1996 936 2036 lectioni.
996 1997 1171 2038 Komm-

209 2053 265 2107 ὑφ
313 2053 451 2106 ἑτέρου
481 2052 559 2092 τῶν
587 2051 810 2106 ὀνομάιων.
822 2054 843 2107 ]
888 2053 1171 2094 Restituimus
1201 2066 1296 2090 cum
1332 2050 1546 2089 Kuehnio:

95 2106 430 2165 ἁφυστερούντων
458 2102 649 2162 ὀνόματα.
698 2111 905 2163 ταξίαρχοι
926 2111 1071 2164 itaque
1101 2119 1243 2148 notam
1275 2105 1546 2160 adponebant

97 2169 284 2209 militnm
313 2165 575 2214 nominibus,
609 2167 683 2221 qui
703 2167 792 2206 suis
813 2167 985 2207 aberant
1009 2165 1248 2214 ordinibus,
1278 2174 1352 2203 aut
1372 2176 1545 2215 quoquo

100 2224 225 2265 modo
266 2222 433 2263 muneri
474 2236 552 2262 suo
580 2223 756 2262 militari
789 2238 876 2263 non
909 2221 1190 2263 sufficiebant.
1245 2220 1415 2259 nomina
1445 2232 1543 2257 vero

98 2282 283 2322 militum
314 2279 360 2318 in
388 2279 645 2326 matriculis,
677 2293 781 2333 quas
813 2276 1034 2335 κατάλογον
1064 2288 1188 2319 vocat
1222 2278 1396 2324 Pollux,
1428 2284 1547 2313 eraut

101 2338 343 2392 descripta:
379 2338 570 2390 ματρίκια
613 2338 695 2375 Leo
734 2346 777 2376 et
808 2339 1048 2379 Mauricius
1077 2335 1235 2388 aliique
1264 2330 1544 2371 recentiores:

100 2396 284 2434 militum
309 2394 524 2432 brevic-ala
555 2393 720 2432 Isidoro
760 2392 877 2447 Orig.
907 2394 982 2432 lib.
1011 2394 1045 2432 l.
1090 2407 1123 2430 c.
1161 2390 1224 2432 ’.5.
1255 2388 1341 2429 uisi
1370 2398 1411 2426 et
1434 2386 1545 2439 apud

100 2466 196 2491 eum
223 2465 300 2503 pro
330 2451 555 2489 breviculis
574 2425 858 2490 ηιιιιιηὶιιιιῖαιιὸ
845 2450 995 2502 reponi
1014 2449 1238 2502 praeferas.
1268 2444 1340 2483 hic
1363 2444 1545 2483 militum

101 2510 321 2561 catalogus
350 2507 463 2560 apud
485 2506 682 2546 ordinum
715 2504 842 2546 duces
872 2516 958 2545 erat
981 2505 1224 2560 depositus
1258 2501 1331 2554 qui
1349 2503 1546 2543 coilectas

101 2564 288 2604 rationes
313 2573 545 2619 notataque
577 2563 750 2602 nomina
781 2563 833 2602 ad
860 2561 1082 2617 σιρατηγόν
1110 2557 1375 2600 deferebant:
1403 2557 1546 2596 memi-

101 2621 167 2660 nit
199 2620 465 2673 ssucydides.
