1664 3016
657 132 780 174 VIII.
842 138 936 178 107.
1424 140 1507 181 749

55 244 131 294 αἲξ.
167 242 255 286 vid.
284 253 328 285 et
358 247 551 288 Pausan.
570 245 728 286 Atticis
755 255 797 286 et
816 246 1072 300 Stephanum
1097 246 1167 291 τὸν
1192 247 1508 306 ἐθνικογράφον,

56 300 134 339 ubi
153 300 280 340 etiam
303 300 415 342 iuter
434 300 593 354 τοπικᾶ,
622 305 856 358 Βραυρῶνι,
887 305 973 352 ait,
1005 301 1059 353 ὦς
1083 309 1332 361 Μαραθῶνι.
1359 306 1446 347 vid.
1465 316 1510 346 et

59 357 237 396 saidam
267 356 313 395 in
343 357 542 412 Βραυρών
570 359 622 398 de
653 359 756 412 ipsis
787 359 855 399 his
888 364 1148 415 πεντετηρίσι.
1208 363 1266 402 Et
1293 364 1365 403 eui
1392 362 1507 402 bono

58 410 282 468 adgregem
310 416 464 467 plura?
510 415 737 456 dicendum
769 425 908 459 tamen
937 417 1104 473 aliquid
1125 419 1212 458 fuit
1230 429 1403 473 propter
1430 419 1511 458 Or-

57 471 156 509 telc'i
175 468 499 511 dubitationem.
560 478 666 516 que,

172 525 217 568 ἐν
253 529 471 581 Βαυρῶνι]
533 529 603 568 Ex
643 530 829 568 Kuehnii
872 529 1167 572 emendatione
1205 540 1345 573 textus
1384 530 1512 572 habet

58 580 294 637 Βραυρῶνι,
334 597 424 638 quo
451 584 579 626 modo
610 595 653 626 et
680 587 875 626 seldenus
907 586 1023 628 dicto
1047 589 1260 642 superiori
1286 598 1390 628 nota
1409 591 1509 629 loco

58 639 179 695 legit.
1513 674 1514 677 ,

167 691 475 751 Ἠρακλειδαῖν]
523 701 734 740 Mennim
758 702 840 754 leg.
867 697 1140 753 Ἥρακλείων,
1181 700 1282 755 quia
1311 700 1513 740 Her-[zeli-

60 752 212 793 darum
232 756 395 793 nullum
421 755 576 796 festum
591 789 602 807 ,
633 759 750 796 nulla
769 771 896 800 sacra.
935 755 1157 814 ’Ἡράκλειοι
1180 766 1316 798 autem
1333 757 1513 799 Herculi

59 819 181 850 erant
200 823 330 853 sacra.
349 810 437 852 vid.
460 814 615 856 Mem-s,
638 813 689 853 G.
709 814 757 855 F.
817 819 963 854 Icum.

166 862 475 922 Ἡρακλειδῶν]
515 868 606 912 MS.
633 867 925 923 Ἠρακλείδων.
986 868 1102 923 Quid
1123 869 1161 910 εἰ
1180 872 1368 926 legamus
1384 867 1512 925 Ἥρα·

58 923 218 968 κλείων.
286 925 410 965 Festa
440 925 515 965 illa
537 923 758 981 Ἠράκλεια
786 936 888 967 nota
915 941 969 968 ex
998 929 1337 979 Harpocratione
1354 927 1511 976 etiam,

62 981 137 1035 qui
178 981 494 1021 Demosthenem
528 983 715 1024 adducit.
783 984 1004 1023 Demo-eth.
1042 984 1133 1038 περὶ
1163 987 1409 1039 παραπρεσβ.
1448 984 1515 1026 καὶ

58 1036 108 1079 τὰ
134 1033 352 1092 Ἡράκλεια
382 1038 425 1081 ἐν
449 1036 557 1082 ἄστει
587 1038 721 1084 θύειν.
780 1040 858 1080 Nil
884 1049 1024 1080 tamen
1055 1049 1209 1080 temere
1237 1054 1260 1078 a
1287 1053 1353 1079 me
1380 1049 1515 1079 muta-

61 1101 153 1132 tum
183 1094 335 1145 velim,
383 1104 428 1134 et
466 1092 750 1149 ignerantiam
788 1111 921 1136 meam
950 1095 1002 1137 de
1025 1096 1154 1136 sacris
1181 1097 1516 1135 Herae-liciarum

61 1150 452 1206 quinquennalibus
473 1153 611 1192 fateor
628 1153 790 1194 lubens.
848 1159 959 1193 que.

54 1263 57 1265 ‚
174 1205 249 1261 τήν
261 1204 521 1264 Ἐλευσῖνα]
550 1210 657 1265 Leg.
681 1208 757 1263 τὴν
772 1208 987 1262 Ἐλευσῖνι,
1018 1208 1063 1248 id
1088 1218 1151 1250 est
1168 1239 1180 1259 ,
1210 1208 1284 1264 τὴν
1306 1210 1349 1253 ἐν
1370 1207 1516 1254 Ἐλευ-

63 1268 155 1307 σῖνι.
211 1264 352 1303 Attici
368 1279 494 1319 saepe
513 1266 720 1306 omittunt
739 1267 795 1317 ἐν,
828 1276 878 1307 ut
898 1267 1000 1306 alibi
1022 1266 1259 1319 probatum.
1315 1274 1460 1308 Kmmn.

173 1319 247 1374 τήν
265 1317 510 1375 Ἐλευσῖνα]
542 1322 660 1363 Haec
678 1323 878 1363 mendosa
898 1338 984 1364 esse
1003 1321 1114 1363 vidit
1132 1332 1174 1362 et
1196 1323 1252 1367 Η.
1267 1324 1516 1377 Stephanus,

63 1391 229 1433 suoque
270 1377 425 1418 Codici
463 1378 515 1418 ad
546 1394 660 1419 oram
692 1380 916 1432 adposuit:
964 1382 1060 1429 ἴσως
1098 1381 1137 1429 ἐς
1160 1376 1396 1423 Ἐλευσῖνα·
1442 1380 1518 1421 sed

64 1449 204 1475 veram
243 1435 473 1474 lectionem
506 1445 653 1476 noster
678 1437 775 1478 MS.
808 1437 1016 1485 servavit,
1062 1435 1173 1475 hanc
1204 1437 1395 1479 scilicet:
1441 1435 1518 1491 τὴν

60 1488 336 1534 Ἐλευσιναδὲ.
364 1491 427 1531 sic
454 1492 599 1547 itaque
625 1493 824 1543 emenda,
854 1497 925 1534 vel
955 1493 1098 1547 potius
1116 1490 1384 1537 Ἐλευσὶναδε.
1413 1504 1517 1533 nota

63 1548 138 1588 ina
162 1553 340 1591 τοπικῶν
368 1547 420 1589 ad
449 1551 592 1588 locum
618 1551 817 1590 formula.
883 1551 941 1588 Et
969 1549 1097 1589 habes
1125 1550 1208 1590 hoc
1234 1551 1372 1604 ipsum
1403 1549 1519 1603 apud.

63 1603 367 1661 ἐθνικογράφον
389 1605 433 1644 in
458 1602 650 1656 Έλευσίς·
680 1605 729 1648 τὰ
742 1604 904 1656 tomani,
936 1606 1019 1659 ait,
1048 1603 1358 1659 Ἐλευσινόθεν,
1387 1603 1520 1650 Ἐλευ-

64 1664 230 1711 σίναδε,
266 1663 335 1704 καὶ
357 1659 630 1705 Ἐλευσίνισι·
671 1663 734 1702 sic
764 1678 889 1717 supra
921 1664 968 1702 in
997 1663 1192 1719 Βραυρών
1218 1663 1357 1705 aiebat
1383 1664 1517 1704 idem:

64 1717 113 1761 τὰ
130 1718 287 1769 tomani,
319 1718 628 1773 Βραυρωνόθεν,
661 1721 940 1775 Βραυρώναδε,
969 1726 1182 1776 Βραυρῶνι
1199 1731 1275 1762 etc.
1331 1727 1434 1760 que.

178 1773 252 1829 τὴν
279 1772 522 1829 Ἐλευσῖνα.]
565 1778 804 1817 Genuinam
844 1778 1071 1818 lectionem
1097 1777 1388 1832 suppeditavit
1414 1777 1522 1816 Iun-

63 1835 288 1887 germanni
325 1833 420 1873 MS.
462 1830 737 1876 Ἐλευσίναδε·
788 1847 876 1874 eam
915 1834 1062 1888 itaque
1098 1834 1143 1872 in
1182 1843 1303 1874 textu
1334 1833 1519 1888 reposui.

63 1891 319 1944 Ἡρακλείων
345 1899 482 1930 autem
505 1894 703 1946 vulgatae
723 1891 904 1931 lectioni
920 1893 1050 1947 longe
1066 1891 1174 1930 mibi
1197 1890 1521 1945 praeferendum

64 1946 252 1988 videtur.

177 2004 272 2058 περὶ
307 1999 558 2057 ὄργεῶνων.]
608 2003 657 2045 C.
706 2004 752 2046 A.
795 2001 1014 2060 ὄργὲωνες,
1063 2014 1106 2045 et
1145 2004 1354 2044 tmematis
1390 2003 1521 2043 initio

67 2059 233 2100 omittit
267 2055 472 2115 ὀργέωνες·
525 2061 591 2100 illi
620 2074 696 2114 per
729 2061 923 2116 singulos
957 2059 1129 2101 Atticae
1168 2065 1376 2116 popu103,
1424 2059 1525 2103 κατὰ

67 2116 244 2170 δήμους,
275 2117 482 2156 sacrificia
512 2116 717 2171 quaedam
741 2128 848 2157 stata
879 2117 1152 2173 peragebant,
1185 2118 1341 2172 quibus
1366 2117 1524 2158 adhae-

66 2173 216 2214 rebant
246 2173 447 2214 convivia
466 2204 477 2223 ,
510 2188 617 2230 quae
636 2175 878 2214 Athenaeus
903 2175 1032 2214 initio
1059 2175 1132 2215 lib.
1154 2190 1197 2218 v.
1230 2185 1355 2215 vocat
1382 2178 1525 2216 δεῖπνα

67 2227 305 2286 ὄργεωνικᾶ.
342 2231 528 2284 Hesyclz.
559 2227 776 2285 ὄργεῶναι,
807 2233 966 2288 ἱέρειαι·
997 2232 1057 2271 ita
1083 2241 1128 2272 et
1156 2231 1352 2272 mulieres
1381 2230 1525 2269 habu...

69 2288 182 2327 erint
221 2286 424 2342 quaedam
455 2302 570 2327 sacra
586 2286 686 2329 κατὰ
710 2287 864 2343 δήμους
883 2288 1094 2340 obeunda,
1126 2288 1174 2327 ni
1199 2287 1397 2328 mendum
1418 2285 1525 2326 sub-

68 2344 126 2383 sit
144 2359 250 2385 voce
273 2346 419 2395 ἱέρειαι.
452 2344 537 2387 vid.
559 2358 684 2397 supra
707 2360 782 2393 111,
804 2345 871 2386 52.
927 2352 1074 2385 Kussmw.

180 2402 269 2454 περὶ
296 2399 553 2456 ὄργεώνων.]
592 2399 685 2442 MS.
718 2402 894 2442 titulus:
934 2399 1150 2458 ὀργεωνες·
1191 2402 1283 2440 sine
1322 2408 1522 2439 accentu:

70 2466 114 2497 et
135 2471 235 2497 mox
264 2457 410 2512 itaque
441 2457 484 2497 id
507 2458 759 2497 vocabulum
790 2458 907 2501 deest
930 2459 975 2498 in
997 2460 1091 2498 MS.
1112 2456 1200 2499 vid.
1219 2457 1270 2497 de
1291 2456 1360 2495 his
1379 2458 1523 2509 Sigon.

67 2512 161 2555 libr.
183 2526 249 2556 lv.
282 2514 332 2554 de
355 2513 537 2568 Republ.
558 2514 713 2555 Athen.
740 2529 831 2569 cap.
856 2519 936 2557 ult.
995 2522 1106 2556 Iuno.
1167 2507 1179 2519 ⁹

84 2619 87 2621 ¹
182 2572 272 2625 περὶ
310 2569 565 2626 ὄργεώνων.]
613 2570 800 2611 videndi
841 2574 1154 2625 Harpa-ratio,
1201 2570 1381 2620 suidas,
1420 2571 1527 2623 Ety-

69 2628 260 2680 mologue
302 2637 345 2668 et
373 2628 610 2683 Hesychius
649 2627 695 2667 in
725 2641 841 2672 voce.
889 2630 1027 2673 τακταὶ
1060 2625 1203 2685 ἡμέραι
1241 2641 1366 2676 vero,
1421 2640 1524 2681 quas
