1664 3016
667 116 792 160 VIII.
855 121 951 162 107.
1445 122 1530 163 74⁷

74 245 170 272 rum
184 236 373 282 snorum,
387 233 454 272 vel
473 230 644 271 maioris
662 232 883 288 religionis
905 229 1055 286 gratia,
1072 233 1148 272 “vel
1170 228 1284 286 quod
1306 230 1532 279 nescirent.

77 289 147 329 cui
169 289 439 344 potissimum
469 289 568 328 Deo
591 287 731 328 honos
755 290 836 328 iste
858 289 1099 338 deberetur,
1132 288 1314 341 ideoque
1340 303 1392 329 ne
1409 304 1531 344 quem

76 346 310 398 praeterire
329 344 597 396 viderentur,
626 345 671 383 in
695 345 777 386 fine
796 346 921 385 simul
942 359 1086 385 omnes
1106 346 1227 385 Deos
1249 345 1446 399 Deasque
1468 349 1534 385 al-

76 405 289 458 legarunt.
334 402 380 440 in
413 403 624 444 Marmor.
657 403 861 445 Arundd.
912 404 1131 454 Smyrnaei
1157 403 1395 454 Magneeiis
1421 401 1532 442 banc

78 459 307 499 formulam
331 457 628 497 —iurisiurandi
663 458 871 503 afferunt:
917 456 1056 513 ὀμνύω
1090 461 1190 509 Δία,
1238 457 1531 511 Γῆν,”Η).ιον,

65 513 229 572 ”news
242 512 445 567 ’Afflyvoim
474 517 542 556 καὶ
566 515 640 568 τήν
659 514 934 569 ταυροπόλοι),
967 517 1035 558 καὶ
1055 516 1127 567 τήν
1148 519 1293 568 μητέρα
1313 514 1386 569 τὴν
1405 521 1533 557 Σιπυ-

77 569 227 627 λὴνην,·
247 573 315 614 καὶ
330 568 510 614 Ἀπόλλω
530 569 600 614 ‘cdv
626 574 667 615 ἐν
692 571 889 625 Πάνδοις,
918 574 987 615 καὶ
1006 571 1099 621 τούς
1118 570 1263 621 ἄλλους
1284 572 1409 622 &soeg
1428 572 1533 614 πάν-ι

77 630 231 680 vacuat
251 628 396 679 πόσας,
423 630 490 670 καὶ
508 627 581 682 τὴν
600 634 671 672 τοῦ
689 633 880 685 βασιλέως
905 629 1104 673 Σελεύκου
1119 628 1252 683 τύχην.
1279 630 1362 669 alia
1394 644 1534 670 exem·

80 689 154 742 pla
176 687 333 727 omitto
357 687 401 724 in
421 690 466 725 re
485 687 588 725 satis
609 690 733 727 clara.
790 694 933 728 Kumu.

195 741 361 791 Θάλλω.
392 741 538 792 Αὕξω,
565 740 804 799 Ἠγεμόνι.]
845 743 1022 786 Omittit
1050 743 1155 783 haec
1188 753 1231 783 et
1257 745 1456 797 Sigonius
1486 742 1533 782 in

80 813 156 840 ma
185 799 565 855 interpretatione:
605 814 712 854 quae
740 811 879 841 tamen
906 812 948 841 et
978 811 1121 840 noster
1150 801 1246 842 MS.
1287 799 1532 856 adgnoscit,

81 856 368 911 videnturque
394 858 515 912 quasi
550 857 832 911 epiphonema
861 856 1094 910 quoddam,
1125 872 1209 913 quo
1236 857 1390 896 milites
1410 871 1533 896 suum

81 927 263 956 amorem
287 915 332 952 in
355 912 483 952 duces
503 912 763 954 declararent
783 925 824 954 et
847 914 1147 954 obedientiam.
1204 921 1310 953 Iunc.

199 968 360 1023 Θάλλω,
395 969 540 1020 Αὔξω,
567 968 806 1026 Ἠγεμόνι.]
838 972 956 1010 Haec
981 985 1002 1009 a
1027 970 1151 1010 nobis
1170 970 1223 1009 ad
1246 969 1435 1008 Kuehnii
1452 985 1534 1009 no-

84 1027 188 1078 stri,
221 1028 299 1082 qui
316 1028 396 1067 ista
415 1027 702 1068 eruditissime
720 1030 936 1077 enucleat,
967 1038 1146 1068 mentem
1173 1037 1274 1067 sunt
1301 1026 1533 1078 emendata,

79 1081 313 1140 ‘Hyfftdv‘rlv
331 1093 470 1124 autem
484 1114 495 1132 ‚
531 1083 584 1124 de
603 1098 684 1138 qua
715 1093 858 1124 tacent
879 1084 1221 1123 commentatores
1238 1083 1395 1132 nostri,
1424 1085 1534 1121 Dia-

85 1154 187 1180 nam
218 1142 354 1182 fuisse
381 1150 424 1181 et
456 1141 675 1192 Venerem,
713 1140 839 1181 docet
874 1142 1128 1192 Hesychius:
1166 1150 1207 1179 et
1239 1150 1351 1180 certe
1379 1142 1535 1179 cultam

81 1195 297 1252 Ἀρτέμιδα
312 1195 544 1252 Ἠγεμόνην
582 1197 633 1236 ab
660 1199 945 1238 Ambrae-iotis
981 1198 1110 1238 refert
1135 1197 1348 1236 Liberalis
1378 1195 1465 1235 fab.
1491 1195 1532 1237 4.

84 1255 144 1294 ita
171 1254 324 1296 dictam
347 1253 461 1310 quod
480 1254 788 1308 recuperandae
813 1255 1000 1293 libertati
1022 1255 1131 1294 viam
1153 1253 1390 1293 muniisset.
1449 1252 1535 1291 Ad·

82 1311 202 1351 ludit*
215 1323 257 1353 et
284 1311 578 1354 Callimachus
596 1313 753 1365 Hymn.
780 1312 824 1350 in
843 1313 974 1352 Dian.
997 1326 1032 1352 v.
1055 1324 1148 1359 227.
1180 1334 1233 1342 -
1267 1310 1308 1351 σὲ
1326 1308 1401 1363 γὰρ
1419 1307 1536 1362 ποιή-

85 1383 179 1410 σατο
208 1367 371 1423 Νηλεῦς
391 1364 624 1422 Ἡγεμόνην
650 1392 698 1397 -—
721 1368 786 1408 ad.
806 1383 927 1423 quem
949 1371 1087 1407 locum
1118 1365 1217 1407 vide
1243 1380 1350 1419 quae
1378 1365 1535 1404 doctis-

84 1426 190 1468 sime
232 1435 539 1466 commentatur
577 1426 644 1465 vir
675 1427 838 1466 Illustr.
880 1425 1026 1463 Ezeeh.
1059 1424 1357 1476 Spanhemius,
1387 1422 1462 1460 ubi
1494 1432 1537 1462 et

86 1482 319 1536 improbam
346 1482 459 1521 hanc
479 1482 668 1522 Pollucis
687 1484 913 1523 lectionem
939 1484 1149 1536 vulgatam
1172 1478 1390 1530 emendat,
1422 1477 1535 1535 quod

87 1540 191 1581 olim
212 1551 255 1581 et
272 1543 444 1580 Petitus
465 1539 624 1579 fecerat
643 1539 695 1579 ad
713 1540 767 1579 L.
789 1541 845 1584 L.
868 1540 956 1578 Att.
975 1553 1071 1594 pag.
1101 1536 1190 1580 156.

199 1654 294 1709 περὶ
318 1655 574 1708 ἰεροποιῶν.]
621 1653 669 1693 C.
700 1655 752 1695 V.
792 1653 1000 1708 ἷεροποιοί.
1038 1651 1245 1691 Demosth.
1276 1659 1421 1689 contra
1452 1649 1536 1687 Mi·-

90 1709 209 1750 diam
246 1725 293 1751 se
320 1709 514 1764 εἰσιτήρια
537 1709 636 1766 ὑπὲρ
664 1715 734 1763 τῆς
764 1715 916 1766 βουλῆς
945 1712 1196 1762 ἵεροποιῆσαι
1222 1709 1290 1750 καὶ
1314 1711 1439 1749 θῦσαι
1469 1705 1538 1747 καὶ

87 1765 362 1824 κατάρξασθαι
384 1771 500 1823 ἱερῶν
521 1778 600 1808 etc.
641 1779 684 1808 et
706 1770 858 1809 iterum
884 1782 929 1808 se
949 1770 1129 1807 electum
1149 1771 1232 1814 ταῖς
1252 1770 1411 1817 σεμναῖς
1425 1768 1539 1811 θεαῖς

89 1823 295 1880 ἱεροποιὸν
313 1828 448 1878 τρίτον
466 1824 517 1864 ab
541 1825 838 1881 Areopagitis:
879 1839 986 1880 quae
1020 1822 1142 1862 verba
1166 1837 1250 1862 non
1281 1823 1339 1860 ita
1369 1833 1537 1871 accepe-

90 1883 193 1934 rim,
237 1882 358 1935 quasi
395 1894 478 1924 tres
505 1892 670 1922 tantum
702 1883 865 1922 fuerint
898 1881 1094 1936 ἱεροποιοὶ
1125 1879 1427 1926 Eumenidum,
1464 1873 1539 1916 se‘l

93 1938 208 1994 quod
226 1941 519 1980 Demosthenes
547 1939 696 1982 ordine
716 1941 867 1981 tertius
885 1943 1022 1981 factus
1043 1938 1098 1977 sit
1117 1950 1193 1990 per
1213 1946 1365 1976 sortem
1390 1935 1434 1972 in
1455 1947 1539 1972 nu-

92 2011 207 2037 mero
241 1996 384 2037 decem
410 1999 644 2049 ἱεροποιῶν,
687 1997 754 2038 uti
784 1998 917 2049 alius,
955 1997 1006 2037 de
1036 2009 1120 2050 quo
1148 1993 1394 2033 Dinarchus
1427 1987 1540 2042 apud

94 2055 403 2108 Etymologum,
449 2055 598 2094 ordine
643 2054 830 2095 decimus
868 2056 965 2098 fuit,
1023 2054 1081 2092 ita
1113 2064 1200 2090 non
1247 2049 1542 2089 Demosthenes

94 2110 370 2168 corrigendus
393 2125 447 2150 ex
465 2114 765 2166 Etymologico‚
798 2112 868 2153 sed
888 2127 966 2167 pro
985 2112 1078 2164 περὶ
1099 2105 1170 2150 τὸν
1187 2105 1308 2150 αὐτὸν
1328 2117 1542 2166 repone?-

95 2167 195 2207 dum
226 2171 360 2224 τρίτον
384 2166 506 2212 αὐτὸν
534 2187 570 2211 κ.
599 2187 637 2212 κ,
676 2168 779 2208 haec
810 2170 992 2212 breviter
1019 2176 1165 2206 contra
1189 2168 1467 2205 Maussacum
1486 2173 1540 2224 ‘m

92 2226 304 2280 Har-poor.
328 2239 421 2282 pag.
445 2225 536 2267 260.
571 2226 647 2266 ubi
676 2226 800 2265 nimis
826 2223 1239 2283 paratragoediatur3
1269 2233 1407 2272 neque
1429 2229 1540 2258 emm

96 2281 323 2322 absurdum
361 2293 426 2322 est
466 2282 624 2323 dictum
661 2297 683 2321 e
723 2282 863 2323 decem
899 2287 1111 2335 ῖεροποιοΐς
1139 2276 1418 2332 Areopagitas
1458 2283 1541 2338 *fes

96 2339 273 2394 elegisse
301 2339 437 2379 tribus
458 2339 758 2379 Eumenidibus
789 2354 904 2381 sacra
936 2343 1145 2391 facturos,
1176 2351 1253 2377 nec
1284 2336 1374 2388 ipse
1397 2332 1544 2381 Ulpia-

96 2405 174 2435 nus
214 2397 467 2450 simpliciter
498 2396 632 2446 dixit,
672 2407 753 2435 tres
788 2406 952 2438 tantum
990 2398 1125 2437 fuisse
1150 2396 1336 2434 Dearum
1378 2390 1542 2427 illarum

97 2452 344 2503 ἱεροποιοῦς·
399 2453 468 2494 sed
508 2463 669 2492 tantum
708 2452 899 2503 dubitat,
947 2470 998 2495 an
1034 2465 1119 2491 non
1147 2447 1439 2490 Demosthenes
1464 2455 1543 2496 pro

98 2509 225 2548 trium
265 2511 542 2550 Eumenidum
582 2525 755 2550 numero
793 2512 972 2553 totidem
1017 2509 1086 2548 hic
1127 2504 1398 2557 supposuerit
1435 2504 1546 2554 ἱερο-

97 2565 257 2618 ποιοὺς,
288 2568 452 2608 etiamsi
485 2577 599 2606 extra
620 2566 733 2606 hunc
754 2581 987 2620 respectum
1010 2569 1148 2618 plures
1170 2561 1342 2601 fuerint.
1401 2565 1544 2597 Komm-

208 2626 296 2677 περὶ
320 2625 571 2678 [squamma]
615 2625 785 2663 Titulus
816 2626 862 2663 in
883 2625 976 2667 MS.
1001 2622 1207 2676 ἱεροποιοί-
1238 2616 1311 2657 vid
1341 2626 1382 2656 et
1403 2615 1454 2656 de
1479 2616 1545 2656 his
