1664 3016
680 147 802 191 VIII.
863 151 958 195 105.
1455 154 1533 195 741

162 256 516 331 ανεγρᾶφοντο,]
545 255 823 315 ἇνεγριὶφοντο
843 264 899 318 τῷ
921 270 1000 302 etc.
1034 260 1228 315 absque’
1213 261 1367 305 inciso.
1370 267 1476 303 'Sam

193 314 522 374 ἇνεγρᾶφοντο,]
559 319 624 357 Ita
649 327 691 358 et
717 318 764 358 C.
785 319 837 358 A.
864 319 910 359 C.
933 319 985 358 V.
1004 317 1273 374 ἐνεγράφοντο
1293 323 1533 376 ληξιαρχικω

79 391 117 430 γ.
138 382 218 416 eto.
275 380 420 414 Romu.
1565 388 1572 393 ·

192 427 520 486 ἆνεγρᾶφοντο,]
556 430 652 471 Μ8.
678 428 945 499 ἐνεγράφοντο
980 435 1147 485 λεξιαρχ.
1172 441 1300 472 recte.
1329 432 1392 472 sic
1409 443 1531 474 autea

79 501 210 541 segni.
234 485 425 541 praeced.
442 487 654 553 ἐγγραφεὶς
683 489 739 537 εἰς
762 485 806 529 τὸ
827 490 909 539 2⁹1⁴}-
941 487 1080 527 scribe
1101 490 1247 542 itaque
1263 489 1531 554 ἔνεγρᾶφοντο

79 547 162 596 ληξ.
190 543 283 583 sine
305 543 466 583 incIso:
496 544 582 583 nisi
604 553 745 585 tamen
766 546 985 599 vulgatum
1006 561 1060 601 τω
1079 545 1266 585 retinere
1279 545 1382 586 velis
1403 547 1529 586 etiam
1551 588 1563 599 f

81 608 182 639 ante
201 602 287 670 ληξ.
345 605 459 641 luxu.

191 653 481 713 ἄνεγρᾶφοντο
491 657 506 710 ]
544 655 594 697 Id
616 656 736 697 verbi
756 655 828 695 hio
846 665 964 696 extra
983 670 1069 696 rem
1087 666 1173 697 est.
1201 658 1423 698 Kuelmias
1441 659 1529 702 ἐνε-

77 709 301 778 γράφοντο,
334 728 471 768 neque
489 713 612 754 aliter
630 713 751 783 loqui
771 722 913 752 amant
938 722 1098 783 veteres
1123 727 1170 751 ae
1186 714 1339 754 Pollux
1368 725 1526 755 noster.

81 769 185 809 alias
207 769 432 811 dicendum
453 770 631 811 fuisset.
662 766 937 825 ἄνειράφοντο
955 771 1011 818 εἷς
1025 769 1070 811 τὰ
1087 769 1338 826 ληξιαρχικὸν
1353 788 1529 828 γραμμα-

78 831 202 875 τεῖον,
232 837 281 866 ut
298 825 538 881 ἄναγράψας
553 830 606 875 εἰς
626 828 824 879 λεύκωμα,
856 826 1124 865 ΒεηιοεὲΙιεη.

192 884 235 926 ἐν
247 880 499 939 Ἀγραύλου]
528 883 733 923 Iurabant
749 887 796 922 in
810 879 960 934 templo
979 883 1178 933 Aglauri,
1200 884 1322 922 cuius
1336 884 1529 924 meminit

77 940 280 981 Herodot.
310 941 356 979 in
395 942 523 982 Uran.
553 951 594 980 et
616 940 805 980 Pausan.
838 939 884 976 iu
901 939 1072 981 Atticis.
1105 940 1320 979 Demosth.
1340 939 1393 979 de
1403 941 1529 1012 f'aLsa

78 998 212 1066 legat.
227 996 289 1036 ait
306 997 557 1037 Aeschinem
575 996 773 1036 recitasse
793 993 864 1037 τὸν
881 995 924 1036 ἕν
941 998 997 1050 τῷ
1007 1000 1080 1048 τῆς
1093 991 1314 1051 Ἀγραύλου
1325 1001 1405 1038 τῶν
1422 995 1528 1051 ἐφή-

80 1050 212 1109 βων”
189 1070 334 1108 ορκον,
370 1056 654 1093 iuramentum
673 1052 933 1104 Epheborum
952 1055 998 1090 in
1023 1052 1122 1090 aede
1137 1055 1311 1105 Agr-aul
1311 1056 1330 1091 i
1348 1068 1529 1106 concep-

80 1120 184 1151 tum.
241 1110 332 1151 Ubi
363 1111 591 1162 Ulpianus:
621 1111 702 1151 ἐστι
728 1109 799 1174 μὲν
822 1111 892 1161 μία
913 1113 992 1149 τῶν
1017 1109 1226 1175 Κέκροπος
1247 1111 1480 1165 θυγατέρων
1502 1129 1529 1163 η

66 1163 304 1222 Αγραυλος·
344 1167 388 1209 ἐν
416 1167 459 1208 δὲ
482 1170 540 1223 τῷ
566 1166 718 1218 τεμένει
748 1161 874 1217 αυτῆς
903 1167 944 1206 οἷ
970 1163 1135 1214 ἐξιόντες
1159 1168 1214 1215 εἷς
1231 1184 1327 1215 τους
1347 1166 1529 1220 ἐφηβους

77 1224 122 1266 ἐκ
135 1224 306 1274 παίδων,
335 1221 432 1276 μετὰ
448 1227 682 1264 πανοπλιῶν
701 1239 875 1275 ωμνυον,
894 1219 1139 1276 ὑπερμαχεῖν
1158 1221 1248 1276 α’χρι
1263 1222 1446 1265 θανάτου
1459 1227 1530 1275 τῆς

76 1280 360 1336 θρεψαμένης-τ,
389 1281 467 1319 Est
491 1280 656 1332 quidem
667 1279 890 1331 Agraulus
910 1281 1206 1328 unafiliarum
1231 1280 1445 1332 Cecropis.
1478 1283 1526 1318 in

76 1340 167 1376 eius
185 1335 443 1392 autemJano
466 1339 540 1390 qui
559 1338 764 1388 expueris
795 1344 1051 1374 excesserant
1072 1338 1119 1374 in
1142 1335 1337 1388 ephebos,
1368 1339 1529 1375 armati

78 1395 304 1444 iurabant,
335 1408 377 1432 se
390 1407 467 1446 pro
481 1395 632 1447 patria
653 1407 780 1445 usque
799 1391 861 1430 ad
872 1399 1042 1430 mortem
1067 1393 1387 1446 depugnaturos.
1426 1392 1525 1432 dein

77 1465 129 1491 ex
148 1450 414 1500 Philochoro,
444 1451 650 1502 scriptore
670 1449 839 1498 Attico,
869 1446 1015 1501 prodit
1038 1449 1284 1502 Agraulum,
1315 1464 1407 1488 cum
1432 1463 1528 1488 oia-

77 1509 174 1546 culo
195 1516 439 1560 posceretur
468 1505 612 1554 homo,
646 1506 720 1559 qui
753 1519 796 1545 se
818 1519 893 1544 sua
912 1514 1065 1557 sponte
1082 1504 1133 1544 ad
1154 1500 1402 1558 depellenda
1425 1505 1526 1545 belli

75 1566 184 1602 mala
209 1563 422 1602 victimam
452 1562 635 1609 offerret,
678 1560 826 1600 audito
850 1575 925 1611 eo,
955 1575 978 1600 e
999 1575 1118 1601 muro
1141 1576 1184 1602 se
1210 1561 1526 1615 praecipitasse,

76 1619 263 1675 bellique
293 1619 354 1658 ita
388 1618 630 1659 consedisse
658 1618 874 1672 impetum.
916 1631 998 1669 qua
1018 1617 1069 1658 de
1098 1632 1220 1657 causa
1238 1617 1526 1658 Athenienses

77 1675 212 1716 eidem
242 1678 446 1730 templum
471 1684 712 1724 sacrarunt,
744 1675 790 1713 in
814 1688 898 1728 quo
917 1673 1086 1726 Ephebi
1114 1674 1342 1713 militatum
1362 1674 1527 1714 abituri

78 1731 271 1772 dicerent
296 1731 575 1786 Reipublicae
604 1741 921 1771 sacramentum.
977 1730 1125 1771 confer
1162 1731 1362 1772 Philostr.
1398 1731 1450 1771 de
1473 1731 1525 1772 V.

77 1790 272 1842 Apollon.
298 1789 393 1832 libr.
413 1804 466 1828 11.
494 1803 586 1842 cap.
619 1788 682 1829 15.
708 1797 752 1828 et
778 1789 934 1830 Meum.
961 1787 1085 1829 Lect.
1106 1787 1269 1827 Atticas
1290 1786 1388 1828 libr.
1409 1802 1470 1827 vx.
1492 1801 1526 1829 o.

79 1846 118 1888 5.
172 1852 322 1885 Kumm.

137 1936 144 1941 .
186 1904 231 1946 ἐν
245 1899 507 1958 Ἀγραῦλου.]
538 1901 636 1944 Μ8.
654 1904 697 1945 ἓν
713 1899 960 1956 Ἀγραυλοῦ.
980 1900 1053 1942 sed
1066 1897 1290 1955 Ἀγραύλου
1308 1902 1527 1955 vulgatum

76 1959 349 2011 retineamus,
378 1969 427 1997 ut
448 1969 489 1999 et
507 1959 604 1998 MS.
639 1960 750 1998 infra
781 1972 909 2013 segm.
935 1971 1023 2011 seq.
1054 1968 1167 1998 recte
1185 1958 1419 2011 ”Αγραυλος
1447 1955 1528 1995 ha-

77 2016 162 2057 bet.
229 2015 372 2055 Huius
402 2015 621 2054 historiam
650 2014 735 2056 vid.
758 2015 803 2054 in
840 2016 1014 2067 Ulpiani
1045 2015 1206 2055 Comm.
1231 2013 1283 2053 ad
1308 2013 1524 2053 Demosth.

79 2073 198 2113 Orat.
216 2073 312 2125 περὶ
331 2077 583 2138 παραπρεσβ.
603 2072 767 2112 scilicet
792 2071 924 2111 fuisse
951 2070 1077 2111 filiam
1111 2071 1313 2123 Cecropis,
1348 2083 1453 2122 quae
1482 2083 1527 2108 se

77 2130 167 2184 ipsa
189 2141 366 2184 propter
385 2130 546 2183 patriae
570 2131 746 2167 salutem
768 2126 819 2167 de
840 2141 960 2167 ιιιιιιο
985 2127 1258 2181 praecipitem
1279 2125 1410 2174 dedit,
1442 2125 1527 2165 illi-

77 2201 159 2242 que
179 2189 380 2251 templum
420 2194 679 2224 exstructum
708 2187 800 2239 περὶ
824 2203 871 2226 τα
904 2183 1137 2237 προπύλαια
1165 2186 1236 2234 τῆς
1265 2181 1527 2235 ἀκροπόλεως,

77 2242 154 2281 ubi
175 2242 376 2282 nimirum
395 2241 504 2281 illud
526 2242 804 2280 iuramentum
824 2241 1111 2294 praestabatur
1135 2241 1184 2279 ab
1203 2239 1391 2291 ephebis,
1411 2237 1524 2303 quod

78 2299 375 2339 Demosthenes
413 2313 460 2338 ea
491 2297 697 2339 Oratione
738 2299 807 2339 καὶ
836 2295 903 2340 τόν
938 2299 980 2340 ἐν
1007 2317 1061 2353 τῳ
1095 2292 1415 2348 z2c'A79a13110v
1447 2295 1526 2335 τῶν

77 2352 242 2410 ἐφήβων
280 2355 400 2410 ὅρκον
434 2363 575 2395 vocat.
645 2354 704 2392 Et
730 2353 868 2393 adhuc
897 2363 1037 2393 tamen
1062 2363 1191 2393 restat
1224 2354 1444 2403 scrupulus
1475 2349 1525 2389 de

76 2414 301 2465 Agr-aulo.-
330 2411 381 2452 de
413 2427 492 2463 qua
530 2409 702 2464 quidem
739 2419 781 2450 et
803 2411 1083 2464 Apollodorus
1111 2409 1183 2451 lib.
1219 2405 1523 2449 111.Bib1ioth.

82 2469 272 2520 Cecropis
310 2468 420 2507 filios
458 2480 727 2516 enumerans,
758 2466 1009 2520 ’‘A79avior,
1049 2466 1227 2518 ”Ερσην,
1270 2461 1524 2516 Πάνὸηροσον

79 2524 195 2578 Quid
214 2538 313 2564 vero
334 2525 370 2563 si
392 2523 588 2564 omnibus
607 2522 674 2561 his
706 2523 812 2562 locis
842 2523 1069 2563 dicamus¹
1060 2524 1222 2561 itteras
1253 2529 1521 2573 permutatas,

77 2591 120 2621 et
149 2582 359 2635 Aglauros
401 2582 536 2621 fuisse
572 2579 707 2633 ipsius
742 2594 921 2627 nomen,
974 2581 1120 2632 itaque
1152 2578 1223 2616 hic
1255 2575 1523 2615 scribendum

74 2634 311 2694 Ἀγλαύρου.
357 2636 478 2678 Certe
498 2637 559 2676 sio
578 2650 668 2677 eam
692 2635 876 2690 adpellat
897 2638 1142 2675 Pausanias
1160 2633 1332 2680 Atticis,
1363 2632 1423 2671 sie
1438 2633 1523 2671 La-
