1664 3016
687 82 811 124 VIII.
870 86 938 127 98.
1458 85 1539 125 721

194 197 483 252 seminaveram]
523 195 704 250 Hesych.
738 194 858 236 Suid.
902 203 947 234 et
970 192 1107 234 Schol.
1132 193 1350 246 Aristoph.
1381 206 1443 248 pr.
1475 190 1540 235 ed.

83 255 346 307 αωλακερταί.
379 257 467 294 sn.

195 309 476 363 κωλακρε’ται.]
508 306 552 349 C.
568 306 619 348 Α.
642 308 911 362 κωλακρεταί·
941 307 985 347 in
1003 320 1132 362 marg.
1155 306 1421 361 κωλακιρταί.
1450 308 1543 346 vul·

85 375 230 424 gutum
256 375 502 407 constanter
532 363 695 404 habent
726 364 920 419 plerique
936 377 1095 404 omnes.
1153 362 1282 403 Dicti
1299 372 1401 402 sunt
1421 362 1543 417 quasi

83 423 351 478 κωλαγρέται,
381 419 466 464 cino*
482 421 556 465 τοῦ
576 419 714 475 ἄγριῖν
734 419 785 463 ποῖ
810 422 939 472 κῶλα,
980 418 1096 476 quod
1125 429 1264 473 partes
1297 429 1494 473 caperent
1520 433 1544 460 e

85 477 310 520 “orificiis
327 477 575 522 immolati&
631 478 813 530 Hesyeh.
831 477 1030 531 α’γρεῖιαι,
1060 474 1320 531 λαμβάνεται.
1348 483 1495 517 Kumur.

202 533 492 590 xmzaxps'zaa]
523 533 598 575 Sic
616 543 659 575 et
676 533 770 576 MS.
789 544 946 575 noster.
974 539 1079 573 Iunc.

196 592 492 646 κωλακρὲταω]
530 591 780 645 κωλαγρέται
809 590 938 630 babet
966 588 1297 641 Falckenlmrgii
1326 588 1376 628 C.
1410 588 1546 628 Anti-

84 647 232 704 qnitus
256 658 397 688 antem
431 647 590 687 diversi
627 656 749 686 erant
778 661 802 686 a
833 648 998 700 ταμίαις
1032 645 1298 699 κωλακρὲται,
1335 644 1546 700 siquidem

84 706 132 744 in
146 719 292 745 eorum
315 707 458 745 locum
480 704 731 743 successisse
753 703 866 742 dicat
884 701 1107 750 ἀποδέκτας
1128 701 1303 742 iubente
1324 700 1547 742 Clisthene

85 761 374 815 Harpocraten
394 761 439 800 in
460 759 731 803 Ἀποδέκται·
761 761 1023 799 Basileensis
1046 758 1294 811 prioresque
1332 757 1548 798 editiones

84 819 354 873 micantiores·
382 815 711 872 emendavitque
739 815 786 856 id
813 816 918 857 vitii
952 814 1005 855 ad
1033 828 1155 854 suum
1179 812 1381 854 Codicem
1396 812 1549 857 Kueli-

88 889 202 916 naue.

194 926 284 974 „²110”
297 934 380 973 ταῖν
402 927 617 985 ἀρχόντων]
647 928 955 985 Quaestoribus
975 930 1176 968 mulctam
1200 925 1368 967 tabulae
1398 926 1549 966 inscri-

86 997 204 1042 ptam
226 985 450 1027 tradebant
468 986 702 1027 Archontes
711 1002 727 1037 3
756 985 824 1025 ini
850 985 1004 1026 iterum
1025 983 1330 1024 examinabant
1351 997 1437 1037 quo
1456 983 1550 1022 iure

87 1044 276 1099 irrogata
298 1052 429 1091 esset3
461 1052 505 1083 et
524 1042 737 1083 sententia
762 1040 1028 1080 Archontum
1049 1039 1296 1094 approbata,
1326 1053 1422 1079 reus
1442 1043 1551 1079 mul-

87 1109 181 1141 ctae
204 1099 463 1140 referebatur
482 1099 529 1137 in
565 1098 821 1138 aerariorum
850 1111 1093 1138 numerum:
1124 1096 1161 1136 si
1187 1097 1329 1135 minus
1363 1099 1552 1150 placeret

87 1158 269 1196 mulctae
298 1154 533 1208 impositio,
574 1155 755 1210 agebant
786 1164 887 1194 ante
919 1168 1013 1193 cum
1037 1152 1343 1204 Archontibus,
1372 1163 1422 1193 ut
1443 1156 1550 1192 mul-

89 1221 198 1252 ctam
218 1211 422 1252 delerent.
462 1210 575 1266 quod
602 1211 642 1250 si
671 1211 927 1260 abnuerent,
969 1210 1020 1250 ad
1050 1209 1215 1249 iudices
1245 1210 1352 1248 itum
1382 1219 1472 1258 est;
1502 1219 1552 1249 ut

91 1267 386 1314 controversia
414 1266 610 1308 finiretur
635 1267 826 1321 ipsorum
856 1266 1095 1308 sententiis.
1154 1266 1351 1305 Mulctae
1375 1281 1474 1306 vero
1498 1265 1549 1304 ab

88 1324 195 1377 ipsis
222 1324 367 1364 statim
403 1323 622 1364 iudicibus
662 1326 880 1378 profectae
916 1338 939 1363 a
977 1321 1289 1378 Quaestoribus
1318 1321 1414 1363 sine
1444 1325 1550 1363 ulte·

86 1380 195 1422 riori
219 1381 418 1420 examine
438 1380 785 1421 admittebantur.
814 1387 965 1419 Ktmmv.

197 1438 480 1493 ἐμβληθείη]
513 1437 562 1479 C.
580 1438 631 1480 V.
651 1439 906 1492 ἕπιβληθεῖς,
935 1439 1059 1478 male.
1088 1442 1232 1479 Kmum.

200 1551 293 1606 περὶ
310 1549 615 1607 γραμματώιν]
646 1551 774 1593 Μ85.
796 1551 892 1605 περὶ
914 1549 1194 1606 γραμματέως.
1225 1556 1372 1591 Kmu.

201 1610 296 1663 περὶ
312 1609 615 1663 γραμματε’ων.]
646 1607 740 1649 MS.
762 1611 858 1661 περὶ
876 1608 1150 1663 γραμματέως.
1181 1613 1285 1647 que.

203 1666 227 1709 ὅ
243 1664 349 1708 mro?
364 1667 614 1718 πρυτανείαν
635 1665 735 1718 etc.]
781 1667 1034 1704 Timocrates
1063 1667 1199 1720 legem
1233 1666 1412 1712 tulerat,
1453 1669 1503 1700 ut
1531 1659 1555 1703 ὅ

90 1720 350 1778 γραμματεύς
365 1716 391 1764 ὅ
407 1720 511 1763 aare?
532 1724 778 1775 πρυτανείαν
803 1736 898 1761 cum
918 1720 1235 1762 Thesmothetis
1272 1718 1554 1759 communica·

91 1788 158 1820 ret
180 1777 473 1818 damnationes
495 1792 654 1828 eorum,
686 1792 794 1832 quos
813 1788 985 1818 senatus
1013 1777 1257 1817 coniecerat
1275 1776 1320 1814 in
1350 1788 1555 1814 carcerem

96 1845 177 1875 etc.
203 1833 288 1882 vid.
312 1836 530 1877 Demeam.
549 1835 668 1878 Orat.
692 1844 840 1874 contra
868 1848 979 1874 eum.
1049 1833 1167 1874 Idem
1201 1833 1253 1873 de
1272 1832 1396 1884 falsa
1423 1833 1552 1883 legat.

95 1890 148 1932 de
168 1891 401 1931 Aeschine:
433 1889 508 1933 οὐκ
531 1894 670 1935 ἴσασιν
689 1890 800 1935 οὗτοι
819 1900 899 1932 etc.
930 1893 978 1934 σὲ
1003 1893 1092 1939 ταῖς
1118 1889 1262 1946 α’ρχαῖς
1286 1889 1557 1942 ὖπογραμμα-

93 1945 265 1990 τεύοντα
287 1950 357 1990 καὶ
373 1950 486 1990 δυοῖν
506 1947 534 1998 ἤ
552 1949 674 2003 τριῶν
694 1950 882 2002 δραχμῶν
903 1946 1081 2001 πονηρόν
1107 1947 1213 1990 ὄντα.
1242 1945 1319 1986 ubi
1354 1946 1558 1998 Ulpianus

94 2014 219 2044 notat
236 2004 407 2044 Scribas
431 2004 689 2058 quandoque
709 2005 892 2058 pecunia
916 2014 1141 2058 corruptos
1159 2001 1260 2056 πρός
1288 2001 1337 2045 τό
1363 2000 1558 2056 χρήσιμον

94 2061 247 2116 legisse
268 2064 382 2115 leges
404 2070 447 2100 et
473 2060 762 2114 psephismata
790 2060 1023 2112 iudicibus,
1057 2060 1224 2100 omissis
1259 2058 1423 2099 scilicet
1452 2070 1559 2112 quae

97 2131 248 2158 causae
287 2117 435 2157 obesse
466 2126 666 2170 poterant
696 2117 813 2168 eius,
855 2132 877 2158 a
911 2132 996 2172 quo
1032 2126 1282 2171 acceperant
1311 2113 1557 2154 mercedem.

95 2172 190 2214 vid.
208 2183 251 2213 et
271 2188 312 2227 p.
336 2172 431 2214 224.
490 2172 727 2214 servabant
743 2184 882 2214 autem
903 2177 1017 2229 leges
1038 2183 1081 2214 et
1109 2172 1278 2214 decreta
1310 2172 1356 2210 in
1381 2172 1557 2220 Metron,

98 2229 145 2268 id
166 2238 243 2282 est,
275 2229 321 2269 in
345 2230 445 2269 aede
464 2231 624 2269 Matris
647 2231 842 2273 Deorum.
870 2237 1020 2270 Kuznu.

211 2288 279 2329 ἔπῖ
306 2287 367 2343 τῷ
391 2283 608 2342 γράμματα
641 2287 762 2340 φυλ.]
799 2290 869 2331 int
906 2287 966 2343 τῷ
996 2284 1048 2330 ἰα’
1070 2304 1106 2343 y.
1145 2303 1190 2340 φ.
1217 2303 1256 2328 κ.
1282 2302 1316 2327 τ.
1351 2296 1399 2339 ψ.
1431 2282 1479 2322 C.
1505 2282 1558 2322 V.

98 2347 248 2382 Kumnr.

211 2401 278 2442 ἐπὶ
300 2398 362 2455 rqi‘
375 2398 594 2454 γράμματα
616 2400 734 2452 φυλ.]
764 2398 860 2441 MS.
884 2399 1069 2454 plenius,
1100 2401 1170 2442 ἐπὶ
1190 2402 1245 2453 τῷ
1269 2394 1320 2439 τοὶ
1344 2392 1560 2452 γράμματα

99 2470 150 2509 φ.
172 2453 319 2509 sicque
341 2458 531 2510 suppleri
553 2455 735 2496 iubeam.
765 2461 879 2498 Irrue.

213 2514 284 2554 καῖ
304 2514 450 2565 ἕτερος]
486 2511 531 2554 C.
556 2513 603 2555 A.
623 2515 753 2566 ἕτερος
772 2513 826 2554 δέ.
848 2512 898 2552 de
909 2522 1090 2567 utroque
1109 2508 1390 2565 intelligenda
1414 2507 1562 2549 viden-

100 2575 170 2607 tur
194 2567 320 2607 verba
342 2569 561 2609 Demo-sch..
588 2570 634 2608 in
650 2568 895 2609 Aeschinem
914 2569 1041 2609 modo
1062 2566 1246 2608 laudata.
1306 2566 1425 2606 Idem
1447 2565 1560 2606 enim

146 2633 274 2668 Pollux
299 2635 379 2669 Vol.
408 2639 452 2671 V.
1213 2635 1248 2672 Z
1265 2649 1287 2672 z
