1664 3016
700 105 800 149 VII.
860 110 954 152 183.
1471 112 1554 155 515

97 216 247 274 πῶλης,
274 217 379 269 sive,
411 218 449 258 si
479 218 540 259 ita
558 219 679 269 velis,
708 216 939 274 ὄρεοπῶλης
962 217 1035 259 hie
1061 218 1192 261 fuerit
1217 218 1424 262 additus?
1451 221 1551 262 Nou

98 286 241 323 tamen
262 289 435 328 possum
474 289 630 331 negare
660 276 885 332 ingeniose
909 285 1102 319 nostrum
1127 276 1425 319 Homhalium
1453 293 1553 320 cou-

99 333 229 374 iieere
257 329 523 388 ὄρεόζευκτος.
554 339 658 375 Itme.

211 385 525 444 ὄρικολίζευτος]
565 388 816 431 Inauditum
845 389 1046 431 vocabuli
1076 398 1343 445 portentumx
1381 405 1462 436 nee
1489 395 1554 433 ul.

95 448 180 490 lam
201 459 324 500 opem
352 446 421 487 ini
450 447 599 487 ferunt
626 445 754 489 MSS.
779 461 802 486 a
836 447 992 502 quibus
1025 446 1070 485 in
1105 447 1369 490 emendando
1388 450 1555 495 Polluce

96 501 285 558 pendere
303 505 501 546 solemus.
557 503 651 543 Soli
669 502 764 556 hic,
806 518 914 557 quos
952 504 1018 549 cl.
1034 504 1280 546 Salmasius,
1303 515 1377 548 aut
1401 505 1554 552 habuit

97 569 174 599 aut
190 560 390 612 contulit,
418 560 545 603 MSS.
568 559 621 601 ad
643 574 780 600 veram
807 560 932 600 nobis
958 560 1183 604 lectionem
1205 562 1318 603 viam
1335 574 1554 617 praeeunt,

96 617 143 656 iu
162 612 216 656 iis
229 616 344 656 euim
364 617 533 659 inverso
546 617 766 671 paululum
790 617 1010 662 verborum
1029 616 1181 659 ordine
1202 627 1266 659 est
1288 615 1555 675 ὀρεοζεύκτης,

96 676 173 727 qui
186 674 319 714 mulos
335 677 483 714 currui
501 676 660 728 iungit,
699 683 776 714 aut
803 673 936 728 bigis.-
975 682 1017 712 et
1043 671 1094 714 de
1125 673 1253 715 huius
1285 675 1456 729 quidem
1487 681 1554 721 le.-

96 730 257 771 ctiouis
276 729 491 785 probitate
512 733 573 771 ita
596 729 707 769 nulli
726 728 987 778 dubitamus,
1017 739 1067 771 ut
1095 729 1142 769 in
1174 731 1338 774 textum
1365 733 1554 788 recipere

95 786 225 829 veriti
253 800 343 828 nou
379 786 534 838 simus,
573 786 738 840 deleta,
775 801 900 842 quam
937 786 1107 826 Sebcrus
1129 785 1384 840 adposuerat
1415 792 1553 846 priori

93 843 291 896 lectioni,
319 847 502 885 stellula.
561 845 632 885 De
665 841 790 902 ὄρικῷ
808 842 947 899 ζεύγει,
979 841 1094 898 quod
1111 843 1318 898 sequitur,
1348 847 1551 900 quaedam

94 900 142 942 iu
163 899 348 941 chartam
369 900 582 955 retulisse,
612 899 728 940 haud
747 900 844 950 erit,
878 910 924 940 ut
943 913 1081 955 spero,
1112 899 1410 944 iniucundum.
1468 906 1553 946 Re.

93 957 216 1015 perio
238 957 380 1012 itaque
402 954 544 1011 ὄρικὸν
574 960 713 1014 ζεῦγος
734 957 847 1012 apud
867 957 1117 996 Aeschinem
1143 955 1195 997 de
1214 957 1263 997 F.
1293 957 1350 1000 L.
1379 973 1424 1014 p.
1450 959 1547 1005 4¹2.

93 1013 343 1069 ἐμισθώσατο
361 1009 501 1070 αὐτοῖς,
522 1016 746 1064 (Φιλίππου
760 1012 994 1069 πρεσβεῦσι)
1016 1009 1084 1057 ὅτ’
1110 1009 1291 1071 ἀπῄεσαν
1313 1011 1432 1070 ὅρικᾶ
1450 1023 1553 1073 (me-

93 1070 179 1110 lius
201 1066 335 1124 ὄρικᾶ)
353 1069 482 1127 ζεύγη,
511 1072 578 1116 καὶ
594 1070 816 1130 συμπαρῄει
831 1067 902 1124 ἐφ’
922 1071 1051 1113 ἵππου
1063 1080 1076 1093 ·
1109 1069 1160 1111 de
1178 1073 1454 1114 Demosthene
1468 1073 1553 1115 ser-

94 1141 164 1167 mo
183 1136 260 1178 est,
292 1128 368 1183 qui
387 1128 577 1183 Philippi
592 1127 761 1183 legatis‚‘
790 1126 1115 1183 quos'hospitio
1139 1139 1382 1183 exceperat,
1414 1130 1551 1172 abitu-

92 1184 151 1223 ris
170 1187 378 1224 mulorum
399 1184 538 1241 bigam
558 1183 836 1232 conduxerat,
871 1194 920 1225 ut
940 1198 988 1224 ea
1012 1185 1126 1225 vecti
1149 1183 1427 1240 discederent,
1458 1189 1551 1243 ipse

93 1255 206 1296 equo
226 1250 375 1282 vectus
396 1242 492 1282 aliis
513 1242 608 1282 viae
626 1255 670 1282 se
692 1241 889 1281 comitem
913 1240 1178 1295 praebuerat.
1218 1252 1446 1299 utrumque
1474 1245 1552 1285 h'o-

93 1297 211 1338 noris
233 1311 357 1337 eausa
382 1298 544 1338 factum
579 1298 680 1340 fuit.
725 1298 843 1337 huuc
875 1307 1015 1338 autem
1036 1298 1268 1338 Aeschinis
1290 1302 1433 1341 locum
1471 1302 1551 1342 ad-

92 1354 176 1395 fert
203 1355 525 1408 Harpocration
568 1355 614 1394 in
644 1352 763 1410 ὅρικά
795 1352 928 1409 ζεύγη.
966 1368 1020 1394 an
1062 1354 1167 1395 hinc
1204 1357 1367 1396 Pollux
1388 1369 1552 1400 ‘noster

92 1409 275 1451 forsitan
296 1407 436 1467 ὄρικόν
453 1415 588 1470 ζεῦγος
603 1411 813 1466 petierit?
846 1411 961 1451 Olim
981 1425 1083 1452 vero
1105 1410 1280 1454 ditiores
1299 1417 1437 1455 mqus
1459 1431 1551 1456 cur-

90 1467 159 1506 rui
172 1467 342 1508 iunctos
355 1467 512 1510 habere
526 1468 744 1517 solebant3
778 1477 820 1508 et
837 1468 924 1507 a1bi
947 1467 1117 1524 quidem
1138 1469 1437 1523 spectatissimi
1457 1476 1551 1527 plu.

88 1524 273 1579 rimique
291 1526 412 1566 fuere
432 1525 591 1574 babiti;
623 1539 705 1580 qua
737 1524 788 1565 de
822 1539 946 1565 causa
975 1525 1287 1579 chrysostomus
1310 1527 1428 1572 Orat.
1458 1531 1551 1586 περὶ

88 1583 240 1632 τελείας
257 1578 418 1638 ἀγάπης
436 1581 550 1624 inter
566 1582 774 1637 pretiosas
795 1596 843 1621 ae
866 1581 1060 1636 publicas
1089 1597 1234 1637 regum
1260 1584 1433 1625 delicias
1454 1589 1551 1626 lau-

91 1637 163 1678 dat
181 1642 319 1695 ζεῦγος
336 1644 491 1682 λευκῶν
507 1636 692 1694 ἡμιόνων
715 1643 852 1696 χρυσῷ
882 1635 1236 1693 καλλωπιζόμενον.
1282 1640 1548 1684 observemus

92 1709 265 1751 quoque
285 1697 476 1737 Atticum
498 1710 589 1738 esse
603 1693 746 1748 ὄρικόν
770 1698 841 1736 vel
861 1692 1021 1750 ὄρεικόν
1046 1700 1197 1754 ζεῦγος.
1242 1699 1406 1752 respuit
1436 1701 1547 1740 enim

90 1750 196 1793 baec
222 1753 373 1806 purior
398 1752 604 1794 dialectus
625 1751 840 1808 ἦμιονικόν
868 1756 1025 1809 ζεῦγος,
1067 1767 1153 1807 quo
1186 1769 1286 1795 usos
1312 1756 1546 1809 aliquando

91 1808 188 1848 aevi
206 1809 456 1850 recentioris
474 1810 703 1865 scriptores
717 1810 915 1864 reperias.
951 1820 1097 1850 monet
1116 1810 1227 1852 hanc
1245 1825 1330 1851 rem
1352 1813 1547 1856 Thomas:

91 1861 252 1918 ὄρεικόν
280 1869 430 1922 ζεῦγος,
460 1863 554 1921 οὐχ’
581 1864 821 1921 ἦμιονικόν·
854 1867 970 1922 quod
993 1882 1094 1908 vero
1120 1883 1175 1908 ex
1209 1868 1402 1923 epistolis
1426 1871 1548 1924 Syna-

90 1925 148 1962 eii
164 1921 318 1975 adfert,
347 1922 461 1977 apud
491 1937 585 1964 eum
615 1934 752 1965 exstat
773 1925 855 1978 Ep.
875 1940 950 1966 ιιι.
977 1924 1050 1964 ubi
1068 1934 1206 1967 tamen
1223 1925 1355 1966 hodie
1376 1941 1462 1967 non
1483 1931 1544 1967 le..

90 1979 210 2035 gitur
230 1981 366 2036 ζεῦγος
388 1976 559 2032 ὄρεικόν,
597 1979 671 2022 sed
700 1977 721 2024 ὅ
752 1978 858 2033 ικὸν,
897 1996 975 2022 nec
997 1996 1169 2037 quoque
1200 1983 1311 2022 tanti
1343 1983 1546 2025 interesse

89 2047 235 2091 putem
256 2046 354 2077 utro
373 2038 490 2093 legas
509 2036 653 2080 modo.
688 2053 710 2077 a
744 2037 836 2078 dam
853 2041 1011 2089 locum,
1044 2039 1144 2094 quia
1174 2039 1426 2080 illustrando
1450 2044 1546 2080 Pol-

89 2095 180 2134 luci
200 2093 306 2133 facit
319 2108 332 2135 ε
363 2088 487 2148 αὐτήν
505 2110 545 2136 τε
559 2094 627 2136 καὶ
653 2093 729 2148 τὴν
747 2092 967 2150 φλήναφον
995 2100 1125 2152 γραῦν
1149 2095 1224 2151 τήν
1240 2099 1396 2139 meida
1418 2099 1482 2140 ἐπὶ
1501 2099 1544 2142 τό

88 2153 227 2207 ζεῦγος
244 2147 572 2206 ἆναβιβασαμένη
598 2151 644 2194 τὸ
667 2149 819 2207 ὄρικόν.
856 2151 925 2193 Ita
955 2162 997 2192 et
1018 2154 1219 2194 Polemon
1246 2153 1296 2194 de
1315 2154 1541 2194 Admiran-

89 2207 154 2248 dis
176 2207 221 2247 iu
239 2206 393 2249 Sicilia
417 2206 689 2252 fluminibusz
721 2209 822 2262 φασὶ
839 2206 879 2252 δ’
902 2207 1004 2253 εἶναι
1027 2211 1096 2253 καὶ
1125 2212 1171 2254 τὸ
1199 2209 1334 2266 βάθος
1363 2208 1546 2265 ἀπέραν-

86 2282 158 2309 τον
174 2267 255 2308 τῶν
280 2263 492 2321 κρατήρων
515 2263 670 2308 τούτων
697 2262 796 2309 ὥστε
819 2267 886 2310 καὶ
903 2269 1004 2322 βοῦς
1023 2265 1278 2317 εἰσπεσόντας
1302 2266 1542 2321 ἠφανίσθαι,

87 2323 154 2364 καὶ
172 2324 308 2378 ζεῦγος
327 2321 466 2377 ὁρικὸν
490 2317 669 2375 (σ’ρικόν)
691 2321 971 2377 ἐλαυνόμενον.
1040 2324 1195 2379 Neque
1224 2326 1347 2364 aliter
1372 2325 1545 2365 intelli-

89 2377 272 2433 gendum
296 2390 360 2420 est
381 2383 518 2436 ζεῦγος
535 2377 648 2433 apud
668 2380 941 2421 Plutarchum
969 2380 1021 2421 de
1043 2380 1200 2423 Solert.
1223 2382 1365 2421 Anim.
1389 2396 1428 2434 p.
1449 2394 1541 2437 9⁶0.

86 2433 135 2477 τὰ
155 2431 357 2491 ἆνᾶγοντα
376 2435 492 2493 ζεύγη
508 2434 603 2486 τούς
627 2438 792 2486 λίθους,
829 2438 1037 2476 mulorum
1069 2439 1216 2490 bigae,
1257 2452 1364 2491 quac
1391 2439 1545 2490 lapides

87 2491 386 2537 advectabant.
425 2493 470 2533 id
498 2493 609 2535 enim
635 2491 796 2533 eruditi
815 2495 1058 2548 Interpretis
1085 2497 1315 2549 plaustris,
1357 2508 1454 2534 nam
1483 2496 1542 2534 itu

85 2547 133 2591 τα
155 2546 267 2603 ζεύγη
289 2550 433 2599 vertit,
465 2549 750 2605 praetulerim.

194 2604 375 2662 ἡνίοχος]
407 2607 456 2649 C.
476 2608 529 2649 A.
551 2604 648 2662 ἡνία
659 2603 847 2661 ἡνιοχεῖν.
877 2607 977 2665 νομὴ
994 2610 1362 2703 νέμεινῧαέανωτο.
1393 2614 1540 2652 Kumm.

1151 2683 1165 2702 ι
1238 2672 1264 2708 2
