1664 3016
660 136 784 177 VIII.
843 137 912 181 54.
1431 139 1511 181 661

59 251 195 295 bituvi
214 260 436 306 utramque
468 253 662 291 voculam
689 249 787 292 sede
807 265 882 291 sua
905 249 1127 304 expellere.
1171 245 1481 303 Εἰσαγγελευς
1466 262 1510 287 ιιι

60 310 248 358 Gla-nis,
286 308 467 356 delator,
498 322 576 348 nec
614 309 743 348 male.
795 310 1034 362 εἰσαγγελίαν
1079 307 1226 362 itaque
1266 306 1512 345 delationem

58 365 186 406 dicas
194 365 311 416 licet,
341 378 477 418 eaque
500 378 603 404 voce
624 364 670 402 iu
696 363 907 404 reddenda
932 365 1089 404 Graeca
1108 378 1208 403 usus
1226 372 1289 404 est
1316 359 1510 411 IVolsius.

57 422 322 478 Εἰσαγγελίᾰν
363 430 503 460 autem
544 419 717 474 quidam
765 421 1047 460 Grammatici
1078 433 1128 460 eo
1160 419 1329 460 differre
1357 421 1510 459 volunt

57 494 81 519 a
101 482 264 535 γραφῇ,
296 475 412 532 quod
434 475 538 515 haec
560 476 730 531 quidem
751 477 961 517 minorum
984 489 1177 530 quoque,
1206 477 1280 516 ina
1303 489 1402 516 vero
1424 488 1508 513 ma·

4 572 6 574 ,
56 535 196 575 imum
229 543 394 574 tantum
423 533 645 572 criminum
674 542 783 573 esset
812 534 1063 587 postulatio.
1104 532 1278 573 Scholia
1307 531 1353 571 in
1380 531 1508 570 clzer-
1576 572 1578 575 ,

55 592 337 632 sonesitanam
353 590 645 629 Demosthenis
667 589 937 630 Orationem:
968 591 1218 645 Εἶσαγγελία,
1240 585 1505 657 ἕμφανισμός,

54 646 247 704 μηνυσις·
277 648 356 690 ἔστι
376 647 419 688 δὲ
436 663 462 698 η
483 647 702 715 ἐπαγγελία,
733 645 990 702 (εἰσαγγελία)
1010 647 1207 699 δημοσίου
1226 642 1384 699 δίκης”
1361 655 1505 697 ονομα·

56 706 277 775 εἰσαγγελία
311 704 354 746 δὲ
383 704 450 744 καὶ
475 701 625 773 γραφὴ
641 703 841 756 διαφέρει·
883 705 1101 771 εἰσαγγελία
1130 702 1202 757 μὲν
1233 701 1306 758 γὰρ
1336 702 1400 744 ἐπὶ
1426 705 1506 743 τῶν

55 763 237 817 μεγάλων
265 761 332 803 καὶ
358 762 561 813 δημοσίων
601 757 878 812 ἀδικημάτων,
919 757 1056 825 γραφὴ
1083 759 1125 801 δὲ
1152 761 1219 802 καὶ
1243 761 1307 802 ἒτὶ
1335 762 1503 812 μικρῶν

54 821 114 859 At
137 818 249 861 enim
271 818 486 872 εἰσαγγελία
505 816 675 870 proprie
697 815 856 855 dicitur
874 815 1097 855 criminum
1124 814 1298 866 delatio,
1330 814 1381 855 de
1406 814 1506 868 qui-

54 875 136 915 bus
155 877 269 930 leges
298 888 384 913 non
411 883 509 911 sunt
527 876 663 923 latae,
693 871 887 941 adeoque
918 872 963 911 in
990 885 1097 926 quae
1127 871 1360 912 secundum
1388 874 1502 926 leges

56 931 169 972 actio
201 929 374 970 institui
406 943 494 968 non
523 938 687 994 potest.
730 926 868 984 γραφὴ
899 942 1000 968 vero
1036 926 1130 968 dica
1164 928 1339 983 quaevis
1372 927 1504 967 alicui

56 985 286 1028 secundum
318 989 432 1041 leges
455 987 635 1038 scripta,
663 998 795 1038 eaque
820 998 916 1025 vera
937 994 1000 1024 est
1027 990 1188 1039 γραφῆς
1203 995 1245 1024 et
1266 985 1505 1039 εἰσαγγελίας

57 1042 311 1083 differentia.
333 1055 420 1081 non
432 1051 568 1081 tamen
582 1041 790 1080 Rhetores
800 1054 963 1093 semper
973 1055 1023 1081 eo
1037 1041 1162 1081 modo
1179 1041 1258 1081 hac
1271 1040 1502 1109 posteriori

59 1114 163 1141 voce
194 1108 396 1149 utuntur,
437 1097 646 1151 siquidem
673 1103 836 1139 Isaeum
876 1099 1120 1152 εἰσαγγελίαν
1155 1107 1197 1139 et
1233 1095 1394 1152 γραφήν
1423 1110 1500 1151 pro

56 1157 198 1198 eadem
225 1169 268 1194 re
297 1167 518 1206 usurpasse
547 1153 697 1194 doceat
719 1153 1298 1208 Harpocratio.Hesyclzi1c3
1328 1167 1502 1209 quoque

57 1210 329 1266 simpliciter.
362 1213 609 1264 Εἶσαγγελία,
637 1205 866 1265 κατηγορία,
891 1209 1147 1264 ἒμᾳανισμός,
1177 1210 1367 1265 μηνυσις·
1398 1209 1501 1248 hinc

56 1268 310 1325 εἰσαγγέλλειν
341 1269 475 1320 δίκην,
508 1265 622 1320 quod
650 1281 736 1306 non
763 1281 855 1306 raro
884 1267 1079 1321 reperias,
1109 1267 1220 1308 idem
1239 1277 1302 1307 est
1324 1266 1499 1307 omnino

57 1341 149 1367 cum
178 1323 259 1364 hac
284 1321 490 1378 loquendi
522 1324 727 1369 formula,
758 1322 928 1377 γράφειν
958 1326 1097 1377 δίκην,
1128 1325 1243 1363 litem
1278 1322 1500 1374 intendere,

56 1384 197 1423 dicam
217 1381 404 1421 scribere.
447 1379 505 1419 ita
528 1389 570 1420 et
588 1395 681 1419 cum
695 1380 844 1418 Pollux
861 1389 1003 1420 noster
1018 1383 1261 1436 εἰσαγγελίαν
1280 1379 1501 1435 designare

54 1433 195 1480 tradat
220 1437 429 1477 actionem
465 1435 564 1478 κατὰ
586 1441 664 1478 τῶν
695 1435 749 1490 μή
773 1434 1056 1501 προσηκόντων
1073 1442 1123 1495 τῇ
1140 1436 1340 1507 ἔπικληρῳ
1359 1452 1501 1478 συνοι-

55 1492 261 1544 κούντων,
301 1508 387 1533 non
416 1495 539 1533 aliam
565 1492 694 1533 habet
722 1493 942 1532 notionem
965 1508 1013 1532 ac
1034 1512 1184 1550 γραφη.
1222 1493 1377 1535 etenim
1398 1492 1501 1533 haec

57 1553 275 1608 εἰσαγγελία
305 1549 535 1589 secundum
580 1550 693 1589 illam
727 1552 888 1618 legem,
927 1563 1007 1604 qua
1035 1550 1261 1590 cavebatur
1291 1551 1501 1602 ἐπίκληρον

58 1609 206 1650 debere
229 1625 282 1650 τω
303 1604 498 1662 ἐγγυτάτω
524 1607 667 1676 γένους
684 1620 757 1646 seu
777 1610 834 1663 τῷ
852 1602 1022 1661 ἅγχιστεῖ
1036 1614 1260 1658 συνοικεῖν,
1289 1616 1338 1646 ut
1355 1605 1501 1645 videre

57 1676 121 1707 est
139 1663 250 1717 apud
257 1653 433 1703 Isaeum
453 1665 495 1706 ἐν
511 1669 569 1720 τῷ
587 1681 688 1729 προς
708 1663 953 1713 Ξεναίνετον,
981 1674 1022 1703 et
1042 1678 1094 1703 ex
1116 1678 1166 1704 eo
1187 1663 1300 1717 apud
1314 1665 1501 1701 Petitum

59 1723 103 1761 in
132 1721 225 1763 LL.
255 1721 348 1762 Act.
378 1735 420 1774 p.
442 1719 537 1762 445.
567 1720 736 1758 institui
768 1729 959 1772 poterat:
1001 1730 1063 1759 est
1094 1720 1238 1775 itaque
1261 1731 1303 1761 et
1323 1719 1395 1758 hic
1417 1721 1501 1762 εἶσ-

59 1779 212 1833 αγγελία
239 1780 345 1816 actio
379 1791 453 1817 seu
484 1780 538 1816 lis
564 1776 787 1817 seeundum
817 1778 924 1829 leges
954 1778 1128 1819 intenta.
1198 1778 1326 1815 Hunc
1359 1784 1498 1815 autem

60 1845 197 1874 totum
218 1832 403 1872 Pollucis
431 1834 564 1872 nostri
591 1836 730 1871 locum
759 1832 808 1872 de
842 1835 1060 1888 εἰσαγγελίᾳ
1086 1833 1339 1887 descliptum
1372 1831 1501 1870 habet
1564 1828 1566 1830 ’

58 1893 228 1930 Peticus
245 1888 477 1931 Comment.
507 1890 551 1928 in
574 1889 667 1928 LL.
687 1894 776 1931 Att.
806 1903 902 1944 pag.
921 1889 1014 1930 544.
1047 1890 1193 1955 ibique
1212 1889 1314 1930 haec
1337 1886 1500 1928 diffici-

58 1948 168 1987 liora
189 1946 455 1998 Δημοσθένης
472 1955 550 1985 etc.
587 1959 720 1997 usque
738 1944 788 1984 ad
810 1947 926 2000 χίλιοι
946 1946 987 1988 δὲ
1004 1947 1166 1986 omittit
1183 1949 1322 2001 plane.

169 2000 271 2057 πρὸς
295 2001 588 2054 πεντακόσιοι]
638 2003 842 2052 Inter-pres
875 2001 977 2055 πρὸς
1001 2017 1086 2042 non
1118 2002 1347 2058 expressit,
1386 1999 1501 2057 quod

60 2062 176 2107 vult,
214 2058 455 2099 Phalereum
484 2059 600 2098 mille
628 2056 845 2098 iudicibus
873 2060 1129 2116 quingentos
1156 2063 1251 2117 lege
1280 2072 1356 2099 sua
1381 2057 1501 2099 addi-

60 2115 185 2158 disse.
243 2121 386 2155 Kuffim.

748 2172 816 2240 543

170 2223 400 2285 ἇγραφίου]
447 2227 754 2278 Harpocratiffl
792 2223 1018 2283 ἀγραφίου·
1059 2227 1164 2278 εἶδός
1191 2247 1225 2271 τι
1254 2231 1367 2282 δίκης
1398 2244 1501 2270 ουτω

60 2287 316 2340 καλουμένης,
347 2302 446 2326 κατα
465 2300 544 2325 των
568 2279 809 2334 ὀφειλόντων
830 2285 900 2338 μὲν
918 2291 975 2344 τῷ
991 2289 1182 2340 δημοσίῳ,
1212 2287 1282 2328 καὶ
1303 2283 1368 2327 διὰ
1384 2287 1502 2326 τοῦτο

62 2343 336 2411 ἐγγραφέντων
355 2351 434 2384 etc.
465 2339 544 2383 εἶτα
574 2340 669 2392 πρὶν
689 2340 834 2382 ἐκτῖσαι
830 2330 1156 2415 figora-samogam
1174 2351 1254 2385 etc.
1285 2351 1327 2380 et
1351 2338 1504 2379 Suidas

63 2414 107 2466 ¹‚¹¹
128 2394 349 2454 αἵραφῖθυ
380 2412 501 2452 quem
524 2394 620 2436 V¹de
639 2409 805 2450 quoque
827 2398 871 2436 in
894 2396 1097 2454 ἀγραφίου
1115 2402 1220 2450 δίκη.
1247 2397 1503 2449 Hesychius·

62 2451 266 2527 αγραφίου
292 2457 403 2523 δίκη,
433 2455 494 2496 ἐπι
523 2457 602 2494 τῶν
629 2454 994 2498 καταδικασθέντων
1025 2452 1232 2510 χρημάτων
1252 2457 1311 2509 τῷ
1329 2454 1504 2508 δημοσίῳ

63 2513 133 2554 καὶ
153 2529 252 2552 κατα
267 2508 380 2565 χάριν
402 2509 454 2564 μή
474 2510 747 2577 ἐγγραφέντων
757 2510 911 2578 ἐλέγετο.
943 2513 1259 2579 Etymologicon
1272 2511 1503 2562 Magnum:

63 2564 292 2623 αγραφίου,
322 2566 427 2616 εἶδος
450 2571 580 2620 δίκης,
611 2582 707 2606 κατα
726 2570 804 2607 τῶν
823 2563 1063 2618 ὀφειλόντων
1081 2584 1117 2608 τι
1135 2568 1187 2622 τῷ
1205 2569 1405 2623 δημοσίω,
1436 2583 1504 2608 και

64 2624 211 2679 ἆπογε,
215 2625 421 2679 ραμμέιων
451 2623 545 2677 μὲι,
577 2619 905 2676 ἀπολειφθέντων
932 2625 971 2667 δὲ
994 2626 1088 2680 πρὶν
1108 2611 1352 2665 ἆτοδυῦναι·
1383 2623 1505 2666 ἐνίοτε
