<?xml version="1.0" encoding="UTF-8"?>
<!DOCTYPE html PUBLIC "-//W3C//DTD XHTML 1.0 Transitional//EN"
    "http://www.w3.org/TR/xhtml1/DTD/xhtml1-transitional.dtd">
<html xmlns="http://www.w3.org/1999/xhtml" xml:lang="en" lang="en">
 <head>
  <title>
</title>
<meta http-equiv="Content-Type" content="text/html;charset=utf-8" />
  <meta name='ocr-system' content='tesseract 3.04.00' />
  <meta name='ocr-capabilities' content='ocr_page ocr_carea ocr_par ocr_line ocrx_word'/>
</head>
<body>
  <div class='ocr_page' id='page_1' title='image "./p1onomastic05polluoft_0766.png"; bbox 0 0 1664 3016; ppageno 0'>
   <div class='ocr_carea' id='block_1_1' title="bbox 109 103 978 157">
    <p class='ocr_par' dir='ltr' id='par_1_1' title="bbox 109 103 978 157">
     <span class='ocr_line' id='line_1_1' title="bbox 109 103 978 157; baseline -0.001 -10"><span class='ocrx_word' id='word_1_1' title='bbox 109 104 194 147; x_wconf 84' lang='lat'><strong>794</strong></span> <span class='ocrx_word' id='word_1_2' title='bbox 699 103 823 147; x_wconf 89' lang='lat' dir='ltr'><strong>v111.</strong></span> <span class='ocrx_word' id='word_1_3' title='bbox 874 109 978 157; x_wconf 71' lang='lat'><strong>123.</strong></span> 
     </span>
    </p>
   </div>
   <div class='ocr_carea' id='block_1_2' title="bbox 93 212 1568 2664">
    <p class='ocr_par' dir='ltr' id='par_1_2' title="bbox 97 212 1568 1866">
     <span class='ocr_line' id='line_1_2' title="bbox 221 212 1568 275; baseline 0.001 -16"><span class='ocrx_word' id='word_1_4' title='bbox 221 212 294 260; x_wconf 73' lang='grc' dir='ltr'><strong>οὖν</strong></span> <span class='ocrx_word' id='word_1_5' title='bbox 313 215 451 274; x_wconf 74' lang='grc' dir='ltr'><strong><em>γνώμῃ</em></strong></span> <span class='ocrx_word' id='word_1_6' title='bbox 469 220 522 275; x_wconf 78' lang='grc' dir='ltr'><strong>τῇ</strong></span> <span class='ocrx_word' id='word_1_7' title='bbox 539 216 605 271; x_wconf 83' lang='grc' dir='ltr'><strong>δ.]</strong></span> <span class='ocrx_word' id='word_1_8' title='bbox 654 216 764 271; x_wconf 82' lang='lat' dir='ltr'><strong>Vera</strong></span> <span class='ocrx_word' id='word_1_9' title='bbox 784 216 889 259; x_wconf 81' lang='lat' dir='ltr'><strong>haec</strong></span> <span class='ocrx_word' id='word_1_10' title='bbox 909 219 1053 260; x_wconf 85' lang='lat' dir='ltr'><strong>lectio.</strong></span> <span class='ocrx_word' id='word_1_11' title='bbox 1083 219 1181 261; x_wconf 89' lang='lat' dir='ltr'><strong>MS.</strong></span> <span class='ocrx_word' id='word_1_12' title='bbox 1219 229 1365 263; x_wconf 74' lang='lat' dir='ltr'><strong>noster</strong></span> <span class='ocrx_word' id='word_1_13' title='bbox 1379 229 1429 262; x_wconf 89' lang='lat' dir='ltr'><strong>ut</strong></span> <span class='ocrx_word' id='word_1_14' title='bbox 1443 229 1568 262; x_wconf 77' lang='lat' dir='ltr'><strong>antea</strong></span> 
     </span>
     <span class='ocr_line' id='line_1_3' title="bbox 108 269 1568 332; baseline 0.002 -17"><span class='ocrx_word' id='word_1_15' title='bbox 108 273 273 329; x_wconf 82' lang='lat' dir='ltr'><strong>vulgati</strong></span> <span class='ocrx_word' id='word_1_16' title='bbox 294 275 464 325; x_wconf 85' lang='lat' dir='ltr'><strong>vitiose,</strong></span> <span class='ocrx_word' id='word_1_17' title='bbox 484 269 697 330; x_wconf 73' lang='grc' dir='ltr'><strong>συγγνώμῃ</strong></span> <span class='ocrx_word' id='word_1_18' title='bbox 711 287 720 298; x_wconf 93' lang='grc'><em>·</em></span> <span class='ocrx_word' id='word_1_19' title='bbox 751 274 1016 325; x_wconf 83' lang='lat' dir='ltr'><strong>creberrimo,</strong></span> <span class='ocrx_word' id='word_1_20' title='bbox 1036 287 1084 316; x_wconf 91' lang='lat' dir='ltr'><strong>ut</strong></span> <span class='ocrx_word' id='word_1_21' title='bbox 1105 277 1214 326; x_wconf 83' lang='lat' dir='ltr'>dixi,</span> <span class='ocrx_word' id='word_1_22' title='bbox 1244 281 1368 332; x_wconf 82' lang='lat' dir='ltr'><strong>lapsu</strong></span> <span class='ocrx_word' id='word_1_23' title='bbox 1388 277 1434 317; x_wconf 90' lang='lat' dir='ltr'><strong>in</strong></span> <span class='ocrx_word' id='word_1_24' title='bbox 1455 277 1568 318; x_wconf 85' lang='lat' dir='ltr'><strong>eius-</strong></span> 
     </span>
     <span class='ocr_line' id='line_1_4' title="bbox 108 330 1566 389; baseline 0.003 -19"><span class='ocrx_word' id='word_1_25' title='bbox 108 330 224 370; x_wconf 86' lang='lat' dir='ltr'><strong>modi</strong></span> <span class='ocrx_word' id='word_1_26' title='bbox 248 331 412 370; x_wconf 78' lang='lat' dir='ltr'><strong>voculis</strong></span> <span class='ocrx_word' id='word_1_27' title='bbox 437 345 540 384; x_wconf 83' lang='lat' dir='ltr'><strong>quas</strong></span> <span class='ocrx_word' id='word_1_28' title='bbox 563 331 698 384; x_wconf 83' lang='lat' dir='ltr'><strong>praeit</strong></span> <span class='ocrx_word' id='word_1_29' title='bbox 717 333 979 386; x_wconf 85' lang='lat' dir='ltr'>praepositio</span> <span class='ocrx_word' id='word_1_30' title='bbox 1001 334 1160 389; x_wconf 84' lang='lat' dir='ltr'><strong>aliqua.</strong></span> <span class='ocrx_word' id='word_1_31' title='bbox 1222 334 1503 375; x_wconf 79' lang='lat' dir='ltr'><strong>Observatum</strong></span> <span class='ocrx_word' id='word_1_32' title='bbox 1522 343 1566 374; x_wconf 87' lang='lat' dir='ltr'><strong>et</strong></span> 
     </span>
     <span class='ocr_line' id='line_1_5' title="bbox 109 386 1566 445; baseline 0.004 -20"><span class='ocrx_word' id='word_1_33' title='bbox 109 387 153 426; x_wconf 92' lang='lat' dir='ltr'><strong>id</strong></span> <span class='ocrx_word' id='word_1_34' title='bbox 174 387 218 425; x_wconf 91' lang='lat' dir='ltr'><strong>in</strong></span> <span class='ocrx_word' id='word_1_35' title='bbox 237 387 428 426; x_wconf 76' lang='lat' dir='ltr'><strong>Labbaei</strong></span> <span class='ocrx_word' id='word_1_36' title='bbox 461 386 636 438; x_wconf 84' lang='lat' dir='ltr'>Codice,</span> <span class='ocrx_word' id='word_1_37' title='bbox 669 387 771 428; x_wconf 87' lang='lat' dir='ltr'><strong>ubi:</strong></span> <span class='ocrx_word' id='word_1_38' title='bbox 802 389 960 443; x_wconf 84' lang='lat' dir='ltr'><strong>legend.</strong></span> <span class='ocrx_word' id='word_1_39' title='bbox 990 387 1060 433; x_wconf 78' lang='grc' dir='ltr'><strong>σὸν</strong></span> <span class='ocrx_word' id='word_1_40' title='bbox 1082 388 1236 445; x_wconf 66' lang='grc' dir='ltr'><strong>γνώμῃ.</strong></span> <span class='ocrx_word' id='word_1_41' title='bbox 1269 392 1315 431; x_wconf 89' lang='grc' dir='ltr'><strong>Ρ.</strong></span> <span class='ocrx_word' id='word_1_42' title='bbox 1349 389 1487 431; x_wconf 86' lang='lat' dir='ltr'><strong>Faber</strong></span> <span class='ocrx_word' id='word_1_43' title='bbox 1516 391 1566 430; x_wconf 79' lang='lat' dir='ltr'><strong>dc</strong></span> 
     </span>
     <span class='ocr_line' id='line_1_6' title="bbox 107 444 1566 497; baseline 0.003 -14"><span class='ocrx_word' id='word_1_44' title='bbox 107 446 307 496; x_wconf 80' lang='lat' dir='ltr'><strong>Magistr.</strong></span> <span class='ocrx_word' id='word_1_45' title='bbox 343 456 437 497; x_wconf 77' lang='lat'>201,</span> <span class='ocrx_word' id='word_1_46' title='bbox 470 444 543 483; x_wconf 69' lang='lat' dir='ltr'><strong>uba·</strong></span> <span class='ocrx_word' id='word_1_47' title='bbox 572 453 695 484; x_wconf 82' lang='lat' dir='ltr'><strong>notat</strong></span> <span class='ocrx_word' id='word_1_48' title='bbox 721 445 831 484; x_wconf 78' lang='lat' dir='ltr'><strong>hano</strong></span> <span class='ocrx_word' id='word_1_49' title='bbox 860 447 1094 487; x_wconf 64' lang='lat' dir='ltr'><strong>clamatam</strong></span> <span class='ocrx_word' id='word_1_50' title='bbox 1122 463 1149 487; x_wconf 82' lang='lat' dir='ltr'><strong>a</strong></span> <span class='ocrx_word' id='word_1_51' title='bbox 1178 446 1406 489; x_wconf 86' lang='lat' dir='ltr'><strong>Demosth.</strong></span> <span class='ocrx_word' id='word_1_52' title='bbox 1440 462 1566 487; x_wconf 66' lang='lat' dir='ltr'><strong>sunu-</strong></span> 
     </span>
     <span class='ocr_line' id='line_1_7' title="bbox 102 500 1564 557; baseline 0.003 -19"><span class='ocrx_word' id='word_1_53' title='bbox 102 510 224 553; x_wconf 81' lang='lat' dir='ltr'><strong>ptam</strong></span> <span class='ocrx_word' id='word_1_54' title='bbox 265 500 426 540; x_wconf 77' lang='lat' dir='ltr'><strong>advers.</strong></span> <span class='ocrx_word' id='word_1_55' title='bbox 466 501 701 554; x_wconf 84' lang='lat' dir='ltr'><strong>Leptinen.</strong></span> <span class='ocrx_word' id='word_1_56' title='bbox 741 511 779 541; x_wconf 79' lang='lat' dir='ltr'><strong>et</strong></span> <span class='ocrx_word' id='word_1_57' title='bbox 809 503 1018 543; x_wconf 87' lang='lat' dir='ltr'>Boeotum</span> <span class='ocrx_word' id='word_1_58' title='bbox 1051 505 1111 544; x_wconf 85' lang='lat' dir='ltr'><strong>ad</strong></span> <span class='ocrx_word' id='word_1_59' title='bbox 1136 507 1281 557; x_wconf 81' lang='lat' dir='ltr'><strong>finem.</strong></span> <span class='ocrx_word' id='word_1_60' title='bbox 1312 513 1351 544; x_wconf 83' lang='lat' dir='ltr'><strong>et</strong></span> <span class='ocrx_word' id='word_1_61' title='bbox 1385 503 1564 544; x_wconf 84' lang='lat' dir='ltr'><strong>Aristot.</strong></span> 
     </span>
     <span class='ocr_line' id='line_1_8' title="bbox 102 558 1564 617; baseline 0.001 -20"><span class='ocrx_word' id='word_1_62' title='bbox 102 558 189 597; x_wconf 76' lang='grc' dir='ltr'><em>ΙΙΙ.</em></span> <span class='ocrx_word' id='word_1_63' title='bbox 223 559 356 601; x_wconf 76' lang='grc' dir='ltr'><strong><em>Ροίίι.</em></strong></span> <span class='ocrx_word' id='word_1_64' title='bbox 393 567 434 598; x_wconf 79' lang='lat' dir='ltr'><strong>et</strong></span> <span class='ocrx_word' id='word_1_65' title='bbox 465 570 502 600; x_wconf 85' lang='lat'><strong>2.</strong></span> <span class='ocrx_word' id='word_1_66' title='bbox 540 559 712 598; x_wconf 74' lang='lat' dir='ltr'><strong>Rhetor.</strong></span> <span class='ocrx_word' id='word_1_67' title='bbox 738 560 848 612; x_wconf 84' lang='lat' dir='ltr'><strong>fine,</strong></span> <span class='ocrx_word' id='word_1_68' title='bbox 875 563 1007 600; x_wconf 81' lang='lat' dir='ltr'><strong>etiam</strong></span> <span class='ocrx_word' id='word_1_69' title='bbox 1038 576 1120 600; x_wconf 85' lang='lat' dir='ltr'><strong>non</strong></span> <span class='ocrx_word' id='word_1_70' title='bbox 1148 562 1208 601; x_wconf 83' lang='lat' dir='ltr'><strong>ad</strong></span> <span class='ocrx_word' id='word_1_71' title='bbox 1231 564 1444 617; x_wconf 81' lang='lat' dir='ltr'><strong><em>gratiam,</em></strong></span> <span class='ocrx_word' id='word_1_72' title='bbox 1482 568 1564 600; x_wconf 78' lang='lat' dir='ltr'><strong>aut</strong></span> 
     </span>
     <span class='ocr_line' id='line_1_9' title="bbox 105 614 1566 661; baseline 0.003 -8"><span class='ocrx_word' id='word_1_73' title='bbox 105 617 356 661; x_wconf 80' lang='lat' dir='ltr'><em>amicitiam,</em></span> <span class='ocrx_word' id='word_1_74' title='bbox 387 615 484 658; x_wconf 77' lang='lat' dir='ltr'><strong>adv,</strong></span> <span class='ocrx_word' id='word_1_75' title='bbox 514 614 794 656; x_wconf 86' lang='lat' dir='ltr'><strong>Eubulidem.</strong></span> <span class='ocrx_word' id='word_1_76' title='bbox 834 625 873 655; x_wconf 83' lang='lat' dir='ltr'><strong>et</strong></span> <span class='ocrx_word' id='word_1_77' title='bbox 902 617 1244 659; x_wconf 84' lang='lat' dir='ltr'><strong>Aristocrateam.</strong></span> <span class='ocrx_word' id='word_1_78' title='bbox 1273 626 1312 657; x_wconf 74' lang='lat' dir='ltr'><strong>et</strong></span> <span class='ocrx_word' id='word_1_79' title='bbox 1337 618 1430 660; x_wconf 82' lang='lat' dir='ltr'><strong>Leo</strong></span> <span class='ocrx_word' id='word_1_80' title='bbox 1461 617 1566 659; x_wconf 87' lang='lat' dir='ltr'><strong>No-</strong></span> 
     </span>
     <span class='ocr_line' id='line_1_10' title="bbox 105 671 1563 727; baseline 0.001 -16"><span class='ocrx_word' id='word_1_81' title='bbox 105 674 186 711; x_wconf 83' lang='lat' dir='ltr'><strong>vel.</strong></span> <span class='ocrx_word' id='word_1_82' title='bbox 216 685 283 727; x_wconf 89' lang='lat'><strong>97.</strong></span> <span class='ocrx_word' id='word_1_83' title='bbox 341 673 400 711; x_wconf 93' lang='lat' dir='ltr'><strong>Et</strong></span> <span class='ocrx_word' id='word_1_84' title='bbox 419 671 530 712; x_wconf 86' lang='lat' dir='ltr'><strong>hanc</strong></span> <span class='ocrx_word' id='word_1_85' title='bbox 551 673 677 713; x_wconf 87' lang='lat' dir='ltr'><strong>etiam</strong></span> <span class='ocrx_word' id='word_1_86' title='bbox 697 673 833 712; x_wconf 85' lang='lat' dir='ltr'><strong><em>Fabri</em></strong></span> <span class='ocrx_word' id='word_1_87' title='bbox 853 673 1193 715; x_wconf 81' lang='lat' dir='ltr'><strong>emendationem</strong></span> <span class='ocrx_word' id='word_1_88' title='bbox 1214 675 1267 715; x_wconf 79' lang='lat' dir='ltr'><strong>R.</strong></span> <span class='ocrx_word' id='word_1_89' title='bbox 1292 675 1462 714; x_wconf 77' lang='lat' dir='ltr'><strong>Fomer.</strong></span> <span class='ocrx_word' id='word_1_90' title='bbox 1486 673 1563 714; x_wconf 85' lang='lat' dir='ltr'><strong>VI.</strong></span> 
     </span>
     <span class='ocr_line' id='line_1_11' title="bbox 104 727 1562 785; baseline 0.003 -18"><span class='ocrx_word' id='word_1_91' title='bbox 104 729 205 771; x_wconf 84' lang='lat' dir='ltr'><strong>Rer.</strong></span> <span class='ocrx_word' id='word_1_92' title='bbox 247 728 412 782; x_wconf 85' lang='lat' dir='ltr'><strong>quotid.</strong></span> <span class='ocrx_word' id='word_1_93' title='bbox 447 727 508 770; x_wconf 81' lang='lat'><strong>18.</strong></span> <span class='ocrx_word' id='word_1_94' title='bbox 549 728 754 783; x_wconf 81' lang='lat' dir='ltr'>adprobat</span> <span class='ocrx_word' id='word_1_95' title='bbox 789 730 824 770; x_wconf 93' lang='lat' dir='ltr'><strong>I.</strong></span> <span class='ocrx_word' id='word_1_96' title='bbox 862 730 910 770; x_wconf 89' lang='lat' dir='ltr'><strong>C.</strong></span> <span class='ocrx_word' id='word_1_97' title='bbox 941 731 1102 785; x_wconf 89' lang='lat' dir='ltr'><strong>pariter</strong></span> <span class='ocrx_word' id='word_1_98' title='bbox 1133 731 1285 772; x_wconf 83' lang='lat' dir='ltr'><strong>doctus</strong></span> <span class='ocrx_word' id='word_1_99' title='bbox 1312 741 1356 773; x_wconf 90' lang='lat' dir='ltr'><strong>et</strong></span> <span class='ocrx_word' id='word_1_100' title='bbox 1385 730 1562 785; x_wconf 83' lang='lat' dir='ltr'><strong>politus.</strong></span> 
     </span>
     <span class='ocr_line' id='line_1_12' title="bbox 104 785 1563 842; baseline 0.001 -17"><span class='ocrx_word' id='word_1_101' title='bbox 104 786 163 825; x_wconf 89' lang='lat' dir='ltr'><strong>Et</strong></span> <span class='ocrx_word' id='word_1_102' title='bbox 187 785 289 826; x_wconf 90' lang='lat' dir='ltr'><strong>olim</strong></span> <span class='ocrx_word' id='word_1_103' title='bbox 309 786 370 824; x_wconf 78' lang='lat' dir='ltr'><strong>ita</strong></span> <span class='ocrx_word' id='word_1_104' title='bbox 400 800 568 842; x_wconf 91' lang='lat' dir='ltr'><strong>quoque</strong></span> <span class='ocrx_word' id='word_1_105' title='bbox 591 786 834 827; x_wconf 87' lang='lat' dir='ltr'><strong>emendavit</strong></span> <span class='ocrx_word' id='word_1_106' title='bbox 863 787 923 829; x_wconf 92' lang='lat' dir='ltr'><strong>H.</strong></span> <span class='ocrx_word' id='word_1_107' title='bbox 953 788 1189 841; x_wconf 75' lang='lat' dir='ltr'><strong>Stephanus</strong></span> <span class='ocrx_word' id='word_1_108' title='bbox 1222 786 1563 829; x_wconf 68' lang='lat' dir='ltr'><strong>animadversio-</strong></span> 
     </span>
     <span class='ocr_line' id='line_1_13' title="bbox 104 841 1559 899; baseline 0.002 -17"><span class='ocrx_word' id='word_1_109' title='bbox 104 841 232 882; x_wconf 80' lang='lat' dir='ltr'>nibus</span> <span class='ocrx_word' id='word_1_110' title='bbox 263 841 313 881; x_wconf 90' lang='lat' dir='ltr'><strong>ad</strong></span> <span class='ocrx_word' id='word_1_111' title='bbox 344 843 510 898; x_wconf 84' lang='lat' dir='ltr'><strong>Adagia</strong></span> <span class='ocrx_word' id='word_1_112' title='bbox 541 845 716 883; x_wconf 77' lang='lat' dir='ltr'><strong>Erasmi</strong></span> <span class='ocrx_word' id='word_1_113' title='bbox 745 845 791 883; x_wconf 88' lang='lat' dir='ltr'><strong>in</strong></span> <span class='ocrx_word' id='word_1_114' title='bbox 820 845 1077 898; x_wconf 54' lang='lat' dir='ltr'><strong>suffragium</strong></span> <span class='ocrx_word' id='word_1_115' title='bbox 1103 847 1319 899; x_wconf 76' lang='lat' dir='ltr'><strong>optt‘mum.</strong></span> <span class='ocrx_word' id='word_1_116' title='bbox 1387 841 1471 885; x_wconf 75' lang='lat' dir='ltr'><strong>Sed</strong></span> <span class='ocrx_word' id='word_1_117' title='bbox 1503 845 1559 885; x_wconf 89' lang='lat' dir='ltr'><strong>P.</strong></span> 
     </span>
     <span class='ocr_line' id='line_1_14' title="bbox 110 898 1562 959; baseline -0.001 -18"><span class='ocrx_word' id='word_1_118' title='bbox 110 901 291 941; x_wconf 71' lang='lat' dir='ltr'><strong>Victorii</strong></span> <span class='ocrx_word' id='word_1_119' title='bbox 312 900 441 939; x_wconf 87' lang='lat' dir='ltr'><strong>lectio</strong></span> <span class='ocrx_word' id='word_1_120' title='bbox 463 910 542 951; x_wconf 87' lang='lat' dir='ltr'><strong>est,</strong></span> <span class='ocrx_word' id='word_1_121' title='bbox 572 899 711 957; x_wconf 74' lang='grc' dir='ltr'><strong><em>γνώμῃ</em></strong></span> <span class='ocrx_word' id='word_1_122' title='bbox 738 902 789 959; x_wconf 75' lang='grc' dir='ltr'><strong>τῇ</strong></span> <span class='ocrx_word' id='word_1_123' title='bbox 805 899 1051 958; x_wconf 76' lang='grc' dir='ltr'><em>δικαιοτάτῃ,</em></span> <span class='ocrx_word' id='word_1_124' title='bbox 1085 917 1208 956; x_wconf 87' lang='lat' dir='ltr'><strong>quam</strong></span> <span class='ocrx_word' id='word_1_125' title='bbox 1238 902 1284 942; x_wconf 86' lang='lat' dir='ltr'><strong>in</strong></span> <span class='ocrx_word' id='word_1_126' title='bbox 1315 902 1477 945; x_wconf 86' lang='lat' dir='ltr'><strong>comm.</strong></span> <span class='ocrx_word' id='word_1_127' title='bbox 1507 898 1562 939; x_wconf 81' lang='lat' dir='ltr'><strong>ad</strong></span> 
     </span>
     <span class='ocr_line' id='line_1_15' title="bbox 102 955 1560 1014; baseline 0.002 -17"><span class='ocrx_word' id='word_1_128' title='bbox 102 957 177 997; x_wconf 86' lang='lat' dir='ltr'><strong>lib.</strong></span> <span class='ocrx_word' id='word_1_129' title='bbox 197 956 232 998; x_wconf 91' lang='lat' dir='ltr'><strong>I.</strong></span> <span class='ocrx_word' id='word_1_130' title='bbox 267 960 446 997; x_wconf 72' lang='lat' dir='ltr'><strong>Aristot.</strong></span> <span class='ocrx_word' id='word_1_131' title='bbox 487 956 709 998; x_wconf 86' lang='lat' dir='ltr'><strong>Rhetoric.</strong></span> <span class='ocrx_word' id='word_1_132' title='bbox 740 959 784 997; x_wconf 84' lang='lat' dir='ltr'><strong>iu</strong></span> <span class='ocrx_word' id='word_1_133' title='bbox 809 959 888 998; x_wconf 80' lang='lat' dir='ltr'><strong>ista</strong></span> <span class='ocrx_word' id='word_1_134' title='bbox 912 958 1060 998; x_wconf 87' lang='lat' dir='ltr'><strong>verba:</strong></span> <span class='ocrx_word' id='word_1_135' title='bbox 1091 960 1158 1002; x_wconf 77' lang='grc' dir='ltr'><strong>καὶ</strong></span> <span class='ocrx_word' id='word_1_136' title='bbox 1178 958 1242 1003; x_wconf 71' lang='grc' dir='ltr'><strong>ὅτι</strong></span> <span class='ocrx_word' id='word_1_137' title='bbox 1267 959 1316 1013; x_wconf 80' lang='grc' dir='ltr'><strong><em>τῆ</em></strong></span> <span class='ocrx_word' id='word_1_138' title='bbox 1341 955 1479 1013; x_wconf 79' lang='grc' dir='ltr'><strong><em>γνώμῃ</em></strong></span> <span class='ocrx_word' id='word_1_139' title='bbox 1503 956 1560 1014; x_wconf 67' lang='grc' dir='ltr'><strong>τῇ</strong></span> 
     </span>
     <span class='ocr_line' id='line_1_16' title="bbox 102 1007 1561 1071; baseline 0.001 -16"><span class='ocrx_word' id='word_1_140' title='bbox 102 1013 247 1071; x_wconf 77' lang='grc' dir='ltr'><strong><em>α’ρίστῃ</em></strong></span> <span class='ocrx_word' id='word_1_141' title='bbox 269 1023 347 1053; x_wconf 87' lang='lat' dir='ltr'><strong>etc.</strong></span> <span class='ocrx_word' id='word_1_142' title='bbox 380 1014 558 1067; x_wconf 83' lang='lat' dir='ltr'><strong>profert,</strong></span> <span class='ocrx_word' id='word_1_143' title='bbox 593 1028 671 1053; x_wconf 90' lang='lat' dir='ltr'><strong>nec</strong></span> <span class='ocrx_word' id='word_1_144' title='bbox 699 1018 826 1054; x_wconf 82' lang='lat' dir='ltr'><strong>ullam</strong></span> <span class='ocrx_word' id='word_1_145' title='bbox 857 1016 1116 1056; x_wconf 84' lang='lat' dir='ltr'><strong>mentionem</strong></span> <span class='ocrx_word' id='word_1_146' title='bbox 1144 1007 1379 1070; x_wconf 68' lang='lat' dir='ltr'><strong>particulae</strong></span> <span class='ocrx_word' id='word_1_147' title='bbox 1400 1012 1477 1059; x_wconf 72' lang='lat' dir='ltr'><strong>miv</strong></span> <span class='ocrx_word' id='word_1_148' title='bbox 1497 1015 1561 1054; x_wconf 78' lang='lat' dir='ltr'><strong>fa-</strong></span> 
     </span>
     <span class='ocr_line' id='line_1_17' title="bbox 103 1070 1561 1130; baseline 0.001 -19"><span class='ocrx_word' id='word_1_149' title='bbox 103 1073 174 1122; x_wconf 87' lang='lat' dir='ltr'><strong>cit,</strong></span> <span class='ocrx_word' id='word_1_150' title='bbox 209 1070 329 1127; x_wconf 90' lang='lat' dir='ltr'><strong>quasi</strong></span> <span class='ocrx_word' id='word_1_151' title='bbox 352 1070 445 1110; x_wconf 86' lang='lat' dir='ltr'><strong>sine</strong></span> <span class='ocrx_word' id='word_1_152' title='bbox 461 1085 507 1111; x_wconf 88' lang='lat' dir='ltr'><strong>ea</strong></span> <span class='ocrx_word' id='word_1_153' title='bbox 534 1070 606 1110; x_wconf 89' lang='lat' dir='ltr'><strong>hic</strong></span> <span class='ocrx_word' id='word_1_154' title='bbox 626 1071 686 1110; x_wconf 89' lang='lat' dir='ltr'><strong>ita</strong></span> <span class='ocrx_word' id='word_1_155' title='bbox 714 1073 917 1124; x_wconf 86' lang='lat' dir='ltr'><strong>scriptum</strong></span> <span class='ocrx_word' id='word_1_156' title='bbox 949 1082 1070 1124; x_wconf 79' lang='lat' dir='ltr'><strong>esset,</strong></span> <span class='ocrx_word' id='word_1_157' title='bbox 1102 1071 1238 1130; x_wconf 76' lang='grc' dir='ltr'><strong><em>γνώμῃ</em></strong></span> <span class='ocrx_word' id='word_1_158' title='bbox 1257 1075 1308 1124; x_wconf 81' lang='grc' dir='ltr'>τῆ</span> <span class='ocrx_word' id='word_1_159' title='bbox 1325 1076 1403 1117; x_wconf 72' lang='grc' dir='ltr'><strong>δικ.</strong></span> <span class='ocrx_word' id='word_1_160' title='bbox 1435 1084 1561 1126; x_wconf 78' lang='lat' dir='ltr'><strong>quam</strong></span> 
     </span>
     <span class='ocr_line' id='line_1_18' title="bbox 103 1120 1563 1183; baseline 0 -15"><span class='ocrx_word' id='word_1_161' title='bbox 103 1128 228 1168; x_wconf 84' lang='lat' dir='ltr'><strong>etiam</strong></span> <span class='ocrx_word' id='word_1_162' title='bbox 263 1127 307 1165; x_wconf 91' lang='lat' dir='ltr'><strong>in</strong></span> <span class='ocrx_word' id='word_1_163' title='bbox 345 1141 423 1166; x_wconf 84' lang='lat' dir='ltr'><strong>suo</strong></span> <span class='ocrx_word' id='word_1_164' title='bbox 465 1127 627 1167; x_wconf 86' lang='lat' dir='ltr'><strong>Codice</strong></span> <span class='ocrx_word' id='word_1_165' title='bbox 663 1127 887 1168; x_wconf 82' lang='lat' dir='ltr'><strong>adnotavit</strong></span> <span class='ocrx_word' id='word_1_166' title='bbox 926 1131 1060 1170; x_wconf 84' lang='lat' dir='ltr'><strong>Henr.</strong></span> <span class='ocrx_word' id='word_1_167' title='bbox 1093 1120 1330 1183; x_wconf 61' lang='lat' dir='ltr'><strong>Stephani&amp;</strong></span> <span class='ocrx_word' id='word_1_168' title='bbox 1357 1130 1443 1170; x_wconf 86' lang='lat' dir='ltr'><strong>hic.</strong></span> <span class='ocrx_word' id='word_1_169' title='bbox 1503 1129 1563 1168; x_wconf 83' lang='lat' dir='ltr'><strong>Et</strong></span> 
     </span>
     <span class='ocr_line' id='line_1_19' title="bbox 102 1183 1562 1242; baseline -0.001 -17"><span class='ocrx_word' id='word_1_170' title='bbox 102 1185 226 1225; x_wconf 84' lang='lat' dir='ltr'><strong>amici</strong></span> <span class='ocrx_word' id='word_1_171' title='bbox 247 1183 524 1224; x_wconf 87' lang='lat' dir='ltr'><strong>eruditissimi</strong></span> <span class='ocrx_word' id='word_1_172' title='bbox 546 1198 644 1224; x_wconf 87' lang='lat' dir='ltr'><strong>sane</strong></span> <span class='ocrx_word' id='word_1_173' title='bbox 662 1184 724 1223; x_wconf 73' lang='lat' dir='ltr'><strong>sic</strong></span> <span class='ocrx_word' id='word_1_174' title='bbox 749 1188 927 1226; x_wconf 77' lang='lat' dir='ltr'><strong>voiunt:</strong></span> <span class='ocrx_word' id='word_1_175' title='bbox 958 1199 1036 1225; x_wconf 87' lang='lat' dir='ltr'><strong>nec</strong></span> <span class='ocrx_word' id='word_1_176' title='bbox 1070 1200 1148 1242; x_wconf 85' lang='lat' dir='ltr'><strong>ego</strong></span> <span class='ocrx_word' id='word_1_177' title='bbox 1177 1187 1222 1227; x_wconf 89' lang='lat' dir='ltr'><strong>in</strong></span> <span class='ocrx_word' id='word_1_178' title='bbox 1253 1187 1361 1228; x_wconf 76' lang='lat' dir='ltr'><strong>locis</strong></span> <span class='ocrx_word' id='word_1_179' title='bbox 1389 1200 1445 1227; x_wconf 83' lang='lat' dir='ltr'><strong>ex</strong></span> <span class='ocrx_word' id='word_1_180' title='bbox 1476 1186 1562 1224; x_wconf 88' lang='lat' dir='ltr'><strong>De-</strong></span> 
     </span>
     <span class='ocr_line' id='line_1_20' title="bbox 101 1239 1563 1299; baseline -0.001 -18"><span class='ocrx_word' id='word_1_181' title='bbox 101 1242 309 1281; x_wconf 76' lang='lat' dir='ltr'><strong>mosthene</strong></span> <span class='ocrx_word' id='word_1_182' title='bbox 337 1239 532 1280; x_wconf 85' lang='lat' dir='ltr'><strong>adductis</strong></span> <span class='ocrx_word' id='word_1_183' title='bbox 565 1255 654 1280; x_wconf 87' lang='lat' dir='ltr'><strong>eam</strong></span> <span class='ocrx_word' id='word_1_184' title='bbox 682 1241 932 1295; x_wconf 82' lang='lat' dir='ltr'><strong>particulam</strong></span> <span class='ocrx_word' id='word_1_185' title='bbox 966 1241 1153 1283; x_wconf 84' lang='lat' dir='ltr'><strong>additam</strong></span> <span class='ocrx_word' id='word_1_186' title='bbox 1193 1243 1398 1294; x_wconf 78' lang='lat' dir='ltr'><strong>observo,</strong></span> <span class='ocrx_word' id='word_1_187' title='bbox 1437 1255 1563 1299; x_wconf 84' lang='lat' dir='ltr'><strong>quam</strong></span> 
     </span>
     <span class='ocr_line' id='line_1_21' title="bbox 101 1297 1559 1349; baseline -0.001 -9"><span class='ocrx_word' id='word_1_188' title='bbox 101 1309 144 1340; x_wconf 90' lang='lat' dir='ltr'><strong>et</strong></span> <span class='ocrx_word' id='word_1_189' title='bbox 165 1298 471 1349; x_wconf 74' lang='lat' dir='ltr'><strong>HStephanus</strong></span> <span class='ocrx_word' id='word_1_190' title='bbox 494 1297 592 1338; x_wconf 87' lang='lat' dir='ltr'><strong>ideo</strong></span> <span class='ocrx_word' id='word_1_191' title='bbox 615 1308 852 1349; x_wconf 80' lang='lat' dir='ltr'><strong>suspectam</strong></span> <span class='ocrx_word' id='word_1_192' title='bbox 874 1298 1027 1339; x_wconf 82' lang='lat' dir='ltr'><strong>habere</strong></span> <span class='ocrx_word' id='word_1_193' title='bbox 1049 1300 1222 1340; x_wconf 85' lang='lat' dir='ltr'><strong>videtur</strong></span> <span class='ocrx_word' id='word_1_194' title='bbox 1243 1301 1287 1339; x_wconf 86' lang='lat' dir='ltr'><strong>in</strong></span> <span class='ocrx_word' id='word_1_195' title='bbox 1318 1300 1443 1340; x_wconf 81' lang='lat' dir='ltr'><strong>dictis</strong></span> <span class='ocrx_word' id='word_1_196' title='bbox 1467 1299 1559 1338; x_wconf 88' lang='lat' dir='ltr'><strong>ani-</strong></span> 
     </span>
     <span class='ocr_line' id='line_1_22' title="bbox 101 1353 1560 1411; baseline 0.001 -16"><span class='ocrx_word' id='word_1_197' title='bbox 101 1354 470 1395; x_wconf 83' lang='lat' dir='ltr'><strong>madversionibus</strong></span> <span class='ocrx_word' id='word_1_198' title='bbox 490 1353 540 1393; x_wconf 87' lang='lat' dir='ltr'><strong>ad</strong></span> <span class='ocrx_word' id='word_1_199' title='bbox 564 1353 743 1410; x_wconf 84' lang='lat' dir='ltr'><strong>Adagia‚</strong></span> <span class='ocrx_word' id='word_1_200' title='bbox 777 1355 969 1409; x_wconf 82' lang='lat' dir='ltr'><strong>quamvis</strong></span> <span class='ocrx_word' id='word_1_201' title='bbox 993 1357 1240 1409; x_wconf 84' lang='lat' dir='ltr'><strong>emendarit,</strong></span> <span class='ocrx_word' id='word_1_202' title='bbox 1274 1355 1350 1400; x_wconf 74' lang='lat' dir='ltr'><strong>mir</strong></span> <span class='ocrx_word' id='word_1_203' title='bbox 1367 1373 1438 1411; x_wconf 67' lang='grc' dir='ltr'><strong>γυ..</strong></span> <span class='ocrx_word' id='word_1_204' title='bbox 1471 1355 1560 1396; x_wconf 82' lang='lat' dir='ltr'><strong>Ne-</strong></span> 
     </span>
     <span class='ocr_line' id='line_1_23' title="bbox 100 1411 1559 1467; baseline -0.001 -15"><span class='ocrx_word' id='word_1_205' title='bbox 100 1414 191 1454; x_wconf 82' lang='lat' dir='ltr'><strong>scio</strong></span> <span class='ocrx_word' id='word_1_206' title='bbox 216 1423 354 1452; x_wconf 84' lang='lat' dir='ltr'><strong>tamen</strong></span> <span class='ocrx_word' id='word_1_207' title='bbox 380 1426 430 1450; x_wconf 84' lang='lat' dir='ltr'><strong>an</strong></span> <span class='ocrx_word' id='word_1_208' title='bbox 463 1411 512 1450; x_wconf 89' lang='lat' dir='ltr'><strong>ab</strong></span> <span class='ocrx_word' id='word_1_209' title='bbox 544 1412 637 1456; x_wconf 84' lang='lat' dir='ltr'><strong>MS.</strong></span> <span class='ocrx_word' id='word_1_210' title='bbox 669 1412 870 1464; x_wconf 85' lang='lat' dir='ltr'><strong>lectione,</strong></span> <span class='ocrx_word' id='word_1_211' title='bbox 901 1423 1070 1466; x_wconf 68' lang='lat' dir='ltr'><strong>quaeet</strong></span> <span class='ocrx_word' id='word_1_212' title='bbox 1091 1415 1254 1467; x_wconf 77' lang='lat' dir='ltr'><strong>magnis</strong></span> <span class='ocrx_word' id='word_1_213' title='bbox 1273 1414 1559 1454; x_wconf 84' lang='lat' dir='ltr'><strong>Iurisconsul-</strong></span> 
     </span>
     <span class='ocr_line' id='line_1_24' title="bbox 101 1467 1558 1522; baseline 0.001 -15"><span class='ocrx_word' id='word_1_214' title='bbox 101 1470 179 1515; x_wconf 66' lang='grc' dir='ltr'><strong>τῖε,</strong></span> <span class='ocrx_word' id='word_1_215' title='bbox 208 1478 256 1508; x_wconf 92' lang='lat' dir='ltr'><strong>ut</strong></span> <span class='ocrx_word' id='word_1_216' title='bbox 287 1467 400 1519; x_wconf 85' lang='lat' dir='ltr'><strong>dixi,</strong></span> <span class='ocrx_word' id='word_1_217' title='bbox 431 1467 636 1509; x_wconf 83' lang='lat' dir='ltr'><strong>distincta</strong></span> <span class='ocrx_word' id='word_1_218' title='bbox 669 1469 853 1522; x_wconf 86' lang='lat' dir='ltr'><strong>placuit,</strong></span> <span class='ocrx_word' id='word_1_219' title='bbox 893 1470 1022 1509; x_wconf 82' lang='lat' dir='ltr'><strong>facile</strong></span> <span class='ocrx_word' id='word_1_220' title='bbox 1051 1470 1331 1514; x_wconf 81' lang='lat' dir='ltr'><strong>recedendum</strong></span> <span class='ocrx_word' id='word_1_221' title='bbox 1368 1471 1438 1512; x_wconf 86' lang='lat' dir='ltr'><strong>sit.</strong></span> <span class='ocrx_word' id='word_1_222' title='bbox 1506 1469 1558 1509; x_wconf 85' lang='lat' dir='ltr'><strong>Iu</strong></span> 
     </span>
     <span class='ocr_line' id='line_1_25' title="bbox 100 1525 1558 1582; baseline -0.001 -16"><span class='ocrx_word' id='word_1_223' title='bbox 100 1528 187 1567; x_wconf 86' lang='lat' dir='ltr'><strong>illis</strong></span> <span class='ocrx_word' id='word_1_224' title='bbox 223 1526 335 1565; x_wconf 89' lang='lat' dir='ltr'><strong>enim</strong></span> <span class='ocrx_word' id='word_1_225' title='bbox 365 1526 558 1565; x_wconf 76' lang='lat' dir='ltr'><strong>formulis</strong></span> <span class='ocrx_word' id='word_1_226' title='bbox 590 1536 632 1566; x_wconf 89' lang='lat' dir='ltr'><strong>et</strong></span> <span class='ocrx_word' id='word_1_227' title='bbox 658 1525 907 1566; x_wconf 83' lang='lat' dir='ltr'><strong>solennibus</strong></span> <span class='ocrx_word' id='word_1_228' title='bbox 937 1525 1042 1565; x_wconf 79' lang='lat' dir='ltr'><strong>haec</strong></span> <span class='ocrx_word' id='word_1_229' title='bbox 1064 1529 1162 1567; x_wconf 81' lang='lat' dir='ltr'><strong>talia</strong></span> <span class='ocrx_word' id='word_1_230' title='bbox 1193 1526 1450 1582; x_wconf 85' lang='lat' dir='ltr'><strong>superfluere</strong></span> <span class='ocrx_word' id='word_1_231' title='bbox 1470 1541 1558 1567; x_wconf 86' lang='lat' dir='ltr'><strong>non</strong></span> 
     </span>
     <span class='ocr_line' id='line_1_26' title="bbox 99 1581 1560 1638; baseline -0.001 -14"><span class='ocrx_word' id='word_1_232' title='bbox 99 1599 194 1624; x_wconf 84' lang='lat' dir='ltr'><strong>raro</strong></span> <span class='ocrx_word' id='word_1_233' title='bbox 224 1581 428 1633; x_wconf 84' lang='lat' dir='ltr'><strong>videmus,</strong></span> <span class='ocrx_word' id='word_1_234' title='bbox 459 1593 501 1623; x_wconf 92' lang='lat' dir='ltr'><strong>et</strong></span> <span class='ocrx_word' id='word_1_235' title='bbox 532 1584 635 1623; x_wconf 86' lang='lat' dir='ltr'><strong>alias</strong></span> <span class='ocrx_word' id='word_1_236' title='bbox 664 1583 806 1634; x_wconf 88' lang='lat' dir='ltr'><strong>etiam,</strong></span> <span class='ocrx_word' id='word_1_237' title='bbox 845 1583 919 1623; x_wconf 92' lang='lat' dir='ltr'><strong>ubi</strong></span> <span class='ocrx_word' id='word_1_238' title='bbox 950 1582 1021 1625; x_wconf 83' lang='grc' dir='ltr'><strong>συ“ν</strong></span> <span class='ocrx_word' id='word_1_239' title='bbox 1042 1583 1155 1637; x_wconf 85' lang='lat' dir='ltr'><strong>apud</strong></span> <span class='ocrx_word' id='word_1_240' title='bbox 1176 1586 1347 1624; x_wconf 70' lang='lat' dir='ltr'><strong>Atticos</strong></span> <span class='ocrx_word' id='word_1_241' title='bbox 1368 1583 1560 1638; x_wconf 85' lang='lat' dir='ltr'><strong>scripto-</strong></span> 
     </span>
     <span class='ocr_line' id='line_1_27' title="bbox 99 1639 1557 1695; baseline -0.001 -12"><span class='ocrx_word' id='word_1_242' title='bbox 99 1655 165 1683; x_wconf 82' lang='lat' dir='ltr'><strong>res</strong></span> <span class='ocrx_word' id='word_1_243' title='bbox 191 1639 379 1680; x_wconf 86' lang='lat' dir='ltr'><strong>abundet</strong></span> <span class='ocrx_word' id='word_1_244' title='bbox 404 1640 448 1678; x_wconf 92' lang='lat' dir='ltr'><strong>in</strong></span> <span class='ocrx_word' id='word_1_245' title='bbox 483 1639 690 1687; x_wconf 88' lang='lat' dir='ltr'><strong>dictione,</strong></span> <span class='ocrx_word' id='word_1_246' title='bbox 722 1639 927 1694; x_wconf 87' lang='lat' dir='ltr'><strong>quaedam</strong></span> <span class='ocrx_word' id='word_1_247' title='bbox 953 1640 1231 1681; x_wconf 87' lang='lat' dir='ltr'><strong>observarunt</strong></span> <span class='ocrx_word' id='word_1_248' title='bbox 1253 1644 1444 1695; x_wconf 86' lang='lat' dir='ltr'><strong>exempla</strong></span> <span class='ocrx_word' id='word_1_249' title='bbox 1468 1639 1557 1682; x_wconf 75' lang='lat' dir='ltr'><strong>alii.</strong></span> 
     </span>
     <span class='ocr_line' id='line_1_28' title="bbox 100 1695 1559 1751; baseline -0.001 -14"><span class='ocrx_word' id='word_1_250' title='bbox 100 1699 162 1738; x_wconf 90' lang='lat' dir='ltr'><strong>sic</strong></span> <span class='ocrx_word' id='word_1_251' title='bbox 182 1695 294 1751; x_wconf 89' lang='lat' dir='ltr'><strong>apud</strong></span> <span class='ocrx_word' id='word_1_252' title='bbox 312 1696 497 1737; x_wconf 89' lang='lat' dir='ltr'><strong>Latinos</strong></span> <span class='ocrx_word' id='word_1_253' title='bbox 521 1712 616 1736; x_wconf 83' lang='lat' dir='ltr'><strong>cum</strong></span> <span class='ocrx_word' id='word_1_254' title='bbox 638 1711 724 1736; x_wconf 92' lang='lat' dir='ltr'><strong>non</strong></span> <span class='ocrx_word' id='word_1_255' title='bbox 746 1711 864 1738; x_wconf 83' lang='lat' dir='ltr'><strong>raro:</strong></span> <span class='ocrx_word' id='word_1_256' title='bbox 894 1713 988 1736; x_wconf 83' lang='lat' dir='ltr'><strong>eum</strong></span> <span class='ocrx_word' id='word_1_257' title='bbox 1007 1696 1347 1751; x_wconf 52' lang='lat' dir='ltr'><strong>(inescantibus,</strong></span> <span class='ocrx_word' id='word_1_258' title='bbox 1377 1698 1559 1736; x_wconf 73' lang='lat' dir='ltr'><strong>volenti-</strong></span> 
     </span>
     <span class='ocr_line' id='line_1_29' title="bbox 98 1751 1558 1813; baseline -0.001 -18"><span class='ocrx_word' id='word_1_259' title='bbox 98 1756 264 1808; x_wconf 69' lang='lat' dir='ltr'><strong>busque.</strong></span> <span class='ocrx_word' id='word_1_260' title='bbox 316 1755 513 1794; x_wconf 88' lang='lat' dir='ltr'><strong>Ceterum</strong></span> <span class='ocrx_word' id='word_1_261' title='bbox 536 1756 585 1813; x_wconf 80' lang='grc' dir='ltr'><strong>τῇ</strong></span> <span class='ocrx_word' id='word_1_262' title='bbox 603 1751 835 1804; x_wconf 74' lang='grc' dir='ltr'><em>δικαιοτάτη</em></span> <span class='ocrx_word' id='word_1_263' title='bbox 860 1754 985 1793; x_wconf 85' lang='lat' dir='ltr'><strong>etiam</strong></span> <span class='ocrx_word' id='word_1_264' title='bbox 1006 1755 1098 1795; x_wconf 90' lang='lat' dir='ltr'><strong>MS.</strong></span> <span class='ocrx_word' id='word_1_265' title='bbox 1131 1764 1275 1795; x_wconf 83' lang='lat' dir='ltr'><strong>noster</strong></span> <span class='ocrx_word' id='word_1_266' title='bbox 1296 1753 1438 1807; x_wconf 89' lang='lat' dir='ltr'><strong>habet,</strong></span> <span class='ocrx_word' id='word_1_267' title='bbox 1469 1768 1558 1794; x_wconf 84' lang='lat' dir='ltr'><strong>non</strong></span> 
     </span>
     <span class='ocr_line' id='line_1_30' title="bbox 97 1801 947 1866; baseline -0.002 -14"><span class='ocrx_word' id='word_1_268' title='bbox 97 1822 147 1852; x_wconf 89' lang='lat' dir='ltr'><strong>ut</strong></span> <span class='ocrx_word' id='word_1_269' title='bbox 167 1822 290 1852; x_wconf 84' lang='lat' dir='ltr'><strong>antea</strong></span> <span class='ocrx_word' id='word_1_270' title='bbox 312 1812 477 1864; x_wconf 74' lang='lat' dir='ltr'><strong>vulgati</strong></span> <span class='ocrx_word' id='word_1_271' title='bbox 503 1806 755 1866; x_wconf 67' lang='grc' dir='ltr'><strong><em>δικαιοτάτῳ.</em></strong></span> <span class='ocrx_word' id='word_1_272' title='bbox 811 1801 947 1855; x_wconf 59' lang='lat' dir='ltr'><strong>hmo.</strong></span> 
     </span>
    </p>

    <p class='ocr_par' dir='ltr' id='par_1_3' title="bbox 94 1866 1557 1981">
     <span class='ocr_line' id='line_1_31' title="bbox 211 1866 1557 1923; baseline -0.003 -12"><span class='ocrx_word' id='word_1_273' title='bbox 211 1870 413 1922; x_wconf 76' lang='grc' dir='ltr'><strong><em>ἐκαλεῖτο]</em></strong></span> <span class='ocrx_word' id='word_1_274' title='bbox 466 1868 513 1909; x_wconf 91' lang='lat' dir='ltr'><strong>C.</strong></span> <span class='ocrx_word' id='word_1_275' title='bbox 549 1870 597 1909; x_wconf 91' lang='lat' dir='ltr'><strong>V.</strong></span> <span class='ocrx_word' id='word_1_276' title='bbox 630 1869 825 1918; x_wconf 76' lang='grc' dir='ltr'><strong><em>ἐκωλεῗτο,</em></strong></span> <span class='ocrx_word' id='word_1_277' title='bbox 861 1866 1103 1907; x_wconf 69' lang='lat' dir='ltr'><strong>iurantibus</strong></span> <span class='ocrx_word' id='word_1_278' title='bbox 1121 1870 1252 1908; x_wconf 81' lang='lat' dir='ltr'><strong>etiam</strong></span> <span class='ocrx_word' id='word_1_279' title='bbox 1273 1869 1345 1921; x_wconf 70' lang='lat' dir='ltr'><strong>iio,</strong></span> <span class='ocrx_word' id='word_1_280' title='bbox 1377 1870 1453 1923; x_wconf 78' lang='lat' dir='ltr'><strong>qui</strong></span> <span class='ocrx_word' id='word_1_281' title='bbox 1470 1869 1557 1908; x_wconf 70' lang='lat' dir='ltr'><strong>lici-</strong></span> 
     </span>
     <span class='ocr_line' id='line_1_32' title="bbox 94 1926 866 1981; baseline 0.001 -16"><span class='ocrx_word' id='word_1_282' title='bbox 94 1926 272 1981; x_wconf 77' lang='lat' dir='ltr'><strong>galmnt,</strong></span> <span class='ocrx_word' id='word_1_283' title='bbox 303 1926 381 1965; x_wconf 73' lang='lat'><em>1100</em></span> <span class='ocrx_word' id='word_1_284' title='bbox 409 1940 525 1965; x_wconf 78' lang='lat' dir='ltr'><strong>omne</strong></span> <span class='ocrx_word' id='word_1_285' title='bbox 549 1936 633 1971; x_wconf 81' lang='lat' dir='ltr'><strong>etc.</strong></span> <span class='ocrx_word' id='word_1_286' title='bbox 691 1926 866 1967; x_wconf 68' lang='lat' dir='ltr'><strong>HUEHN.</strong></span> 
     </span>
    </p>

    <p class='ocr_par' dir='ltr' id='par_1_4' title="bbox 93 1978 1558 2097">
     <span class='ocr_line' id='line_1_33' title="bbox 207 1978 1558 2037; baseline -0.001 -13"><span class='ocrx_word' id='word_1_287' title='bbox 207 1981 473 2037; x_wconf 78' lang='grc' dir='ltr'><strong><em>ἀμφιορκία.]</em></strong></span> <span class='ocrx_word' id='word_1_288' title='bbox 523 1982 684 2023; x_wconf 85' lang='lat' dir='ltr'><strong>Eodem</strong></span> <span class='ocrx_word' id='word_1_289' title='bbox 716 1980 904 2035; x_wconf 81' lang='lat' dir='ltr'><strong>respexit</strong></span> <span class='ocrx_word' id='word_1_290' title='bbox 930 1981 1186 2035; x_wconf 73' lang='lat' dir='ltr'><strong>Hesychius:</strong></span> <span class='ocrx_word' id='word_1_291' title='bbox 1217 1981 1317 2027; x_wconf 73' lang='grc' dir='ltr'><strong><em>ὅταν</em></strong></span> <span class='ocrx_word' id='word_1_292' title='bbox 1334 1986 1375 2027; x_wconf 83' lang='grc' dir='ltr'><strong>οἱ</strong></span> <span class='ocrx_word' id='word_1_293' title='bbox 1403 1978 1558 2033; x_wconf 78' lang='grc' dir='ltr'><strong><em>δικαζό-</em></strong></span> 
     </span>
     <span class='ocr_line' id='line_1_34' title="bbox 93 2036 861 2097; baseline -0.008 -12"><span class='ocrx_word' id='word_1_294' title='bbox 93 2057 209 2097; x_wconf 78' lang='grc' dir='ltr'><strong><em>μενοι</em></strong></span> <span class='ocrx_word' id='word_1_295' title='bbox 232 2036 428 2090; x_wconf 72' lang='grc' dir='ltr'><strong><em>ἀλλήλους</em></strong></span> <span class='ocrx_word' id='word_1_296' title='bbox 455 2037 673 2096; x_wconf 77' lang='grc' dir='ltr'><strong><em>ὀμνύωσιν.</em></strong></span> <span class='ocrx_word' id='word_1_297' title='bbox 731 2039 861 2080; x_wconf 74' lang='lat' dir='ltr'><strong>Iuno.</strong></span> 
     </span>
    </p>

    <p class='ocr_par' dir='ltr' id='par_1_5' title="bbox 95 2151 1560 2323">
     <span class='ocr_line' id='line_1_35' title="bbox 207 2151 1560 2205; baseline -0.002 -10"><span class='ocrx_word' id='word_1_298' title='bbox 207 2152 235 2204; x_wconf 71' lang='grc' dir='ltr'><strong>η’</strong></span> <span class='ocrx_word' id='word_1_299' title='bbox 255 2152 426 2196; x_wconf 78' lang='grc' dir='ltr'><strong><em>“Ηλιαία</em></strong></span> <span class='ocrx_word' id='word_1_300' title='bbox 447 2153 550 2205; x_wconf 89' lang='lat' dir='ltr'><strong>etc.]</strong></span> <span class='ocrx_word' id='word_1_301' title='bbox 593 2153 641 2194; x_wconf 84' lang='lat' dir='ltr'><strong>C.</strong></span> <span class='ocrx_word' id='word_1_302' title='bbox 669 2152 722 2194; x_wconf 90' lang='lat' dir='ltr'><strong>A.</strong></span> <span class='ocrx_word' id='word_1_303' title='bbox 760 2151 931 2195; x_wconf 77' lang='grc' dir='ltr'><strong><em>Ἠλιαιά</em></strong></span> <span class='ocrx_word' id='word_1_304' title='bbox 960 2153 1235 2196; x_wconf 78' lang='grc' dir='ltr'><strong><em>πεντακοσίων</em></strong></span> <span class='ocrx_word' id='word_1_305' title='bbox 1261 2164 1341 2198; x_wconf 88' lang='lat' dir='ltr'><strong>etc.</strong></span> <span class='ocrx_word' id='word_1_306' title='bbox 1382 2152 1433 2195; x_wconf 89' lang='lat' dir='ltr'><strong>de</strong></span> <span class='ocrx_word' id='word_1_307' title='bbox 1466 2155 1560 2193; x_wconf 86' lang='lat' dir='ltr'><strong>He-</strong></span> 
     </span>
     <span class='ocr_line' id='line_1_36' title="bbox 97 2209 1557 2263; baseline -0.001 -12"><span class='ocrx_word' id='word_1_308' title='bbox 97 2213 211 2252; x_wconf 79' lang='lat' dir='ltr'><strong>liaea</strong></span> <span class='ocrx_word' id='word_1_309' title='bbox 231 2212 388 2252; x_wconf 72' lang='lat' dir='ltr'><strong>Meurs.</strong></span> <span class='ocrx_word' id='word_1_310' title='bbox 418 2209 464 2248; x_wconf 85' lang='lat' dir='ltr'><strong>in</strong></span> <span class='ocrx_word' id='word_1_311' title='bbox 484 2210 695 2263; x_wconf 79' lang='lat' dir='ltr'><strong>Areopag.</strong></span> <span class='ocrx_word' id='word_1_312' title='bbox 728 2211 773 2249; x_wconf 92' lang='lat' dir='ltr'><em>V</em></span> <span class='ocrx_word' id='word_1_313' title='bbox 767 2211 866 2248; x_wconf 77' lang='lat' dir='ltr'><strong>ales.</strong></span> <span class='ocrx_word' id='word_1_314' title='bbox 894 2209 1014 2249; x_wconf 83' lang='lat' dir='ltr'><strong>addit</strong></span> <span class='ocrx_word' id='word_1_315' title='bbox 1037 2211 1293 2262; x_wconf 75' lang='lat' dir='ltr'><strong>Stephanum</strong></span> <span class='ocrx_word' id='word_1_316' title='bbox 1312 2211 1557 2254; x_wconf 64' lang='lat' dir='ltr'><strong>in‘HMm&#39;a·</strong></span> 
     </span>
     <span class='ocr_line' id='line_1_37' title="bbox 95 2265 1556 2323; baseline -0.003 -11"><span class='ocrx_word' id='word_1_317' title='bbox 95 2265 351 2320; x_wconf 73' lang='grc' dir='ltr'><strong><em>δικαστήριον</em></strong></span> <span class='ocrx_word' id='word_1_318' title='bbox 365 2265 614 2319; x_wconf 81' lang='grc' dir='ltr'><strong><em>’Λθηναι’ων,</em></strong></span> <span class='ocrx_word' id='word_1_319' title='bbox 639 2266 724 2309; x_wconf 81' lang='grc' dir='ltr'><strong><em>ἔστι</em></strong></span> <span class='ocrx_word' id='word_1_320' title='bbox 742 2269 783 2308; x_wconf 77' lang='grc' dir='ltr'><strong>δὲ</strong></span> <span class='ocrx_word' id='word_1_321' title='bbox 803 2266 851 2309; x_wconf 78' lang='grc' dir='ltr'><strong>τό</strong></span> <span class='ocrx_word' id='word_1_322' title='bbox 872 2269 974 2323; x_wconf 75' lang='grc' dir='ltr'><strong>μέγα</strong></span> <span class='ocrx_word' id='word_1_323' title='bbox 992 2265 1251 2321; x_wconf 70' lang='grc' dir='ltr'><strong><em>δικαστήριον</em></strong></span> <span class='ocrx_word' id='word_1_324' title='bbox 1273 2277 1351 2308; x_wconf 87' lang='lat' dir='ltr'><strong>etc.</strong></span> <span class='ocrx_word' id='word_1_325' title='bbox 1373 2271 1556 2309; x_wconf 57' lang='lat' dir='ltr'><strong>lium-11⁵1.</strong></span> 
     </span>
    </p>

    <p class='ocr_par' dir='ltr' id='par_1_6' title="bbox 95 2322 1559 2437">
     <span class='ocr_line' id='line_1_38' title="bbox 207 2322 1559 2379; baseline 0.001 -13"><span class='ocrx_word' id='word_1_326' title='bbox 207 2323 456 2379; x_wconf 67' lang='grc' dir='ltr'><strong><em>η”Ηλιαιά]</em></strong></span> <span class='ocrx_word' id='word_1_327' title='bbox 505 2325 640 2367; x_wconf 83' lang='lat' dir='ltr'><strong>Deest</strong></span> <span class='ocrx_word' id='word_1_328' title='bbox 662 2326 703 2366; x_wconf 76' lang='grc' dir='ltr'><strong>δὲ</strong></span> <span class='ocrx_word' id='word_1_329' title='bbox 734 2324 778 2362; x_wconf 88' lang='lat' dir='ltr'><strong>in</strong></span> <span class='ocrx_word' id='word_1_330' title='bbox 810 2325 904 2364; x_wconf 88' lang='lat' dir='ltr'><strong>MS.</strong></span> <span class='ocrx_word' id='word_1_331' title='bbox 953 2325 1023 2363; x_wconf 79' lang='lat' dir='ltr'><strong>De</strong></span> <span class='ocrx_word' id='word_1_332' title='bbox 1056 2325 1261 2364; x_wconf 69' lang='lat' dir='ltr'><strong>Heliaeae</strong></span> <span class='ocrx_word' id='word_1_333' title='bbox 1284 2322 1449 2365; x_wconf 86' lang='lat' dir='ltr'><strong>iudicio</strong></span> <span class='ocrx_word' id='word_1_334' title='bbox 1468 2323 1559 2367; x_wconf 84' lang='lat' dir='ltr'><strong>vid.</strong></span> 
     </span>
     <span class='ocr_line' id='line_1_39' title="bbox 95 2379 1121 2437; baseline 0 -15"><span class='ocrx_word' id='word_1_335' title='bbox 95 2383 241 2437; x_wconf 80' lang='lat' dir='ltr'><strong>Sigon.</strong></span> <span class='ocrx_word' id='word_1_336' title='bbox 273 2380 346 2420; x_wconf 90' lang='lat' dir='ltr'><strong>lib.</strong></span> <span class='ocrx_word' id='word_1_337' title='bbox 367 2381 451 2420; x_wconf 91' lang='lat' dir='ltr'><strong>III.</strong></span> <span class='ocrx_word' id='word_1_338' title='bbox 487 2379 538 2421; x_wconf 91' lang='lat' dir='ltr'><strong>de</strong></span> <span class='ocrx_word' id='word_1_339' title='bbox 560 2382 668 2434; x_wconf 86' lang='lat' dir='ltr'><strong>Rep.</strong></span> <span class='ocrx_word' id='word_1_340' title='bbox 698 2381 801 2420; x_wconf 61' lang='lat' dir='ltr'><strong>Atlz.</strong></span> <span class='ocrx_word' id='word_1_341' title='bbox 837 2395 871 2420; x_wconf 95' lang='lat' dir='ltr'><strong>c.</strong></span> <span class='ocrx_word' id='word_1_342' title='bbox 893 2380 932 2423; x_wconf 84' lang='lat'><strong>4.</strong></span> <span class='ocrx_word' id='word_1_343' title='bbox 994 2382 1121 2422; x_wconf 65' lang='lat' dir='ltr'><strong>Imm.</strong></span> 
     </span>
    </p>

    <p class='ocr_par' dir='ltr' id='par_1_7' title="bbox 94 2435 1561 2552">
     <span class='ocr_line' id='line_1_40' title="bbox 210 2435 1561 2494; baseline 0 -12"><span class='ocrx_word' id='word_1_344' title='bbox 210 2438 468 2491; x_wconf 70' lang='grc' dir='ltr'><strong><em>συνίσταντο]</em></strong></span> <span class='ocrx_word' id='word_1_345' title='bbox 507 2439 600 2482; x_wconf 91' lang='lat' dir='ltr'><strong>MS.</strong></span> <span class='ocrx_word' id='word_1_346' title='bbox 633 2440 858 2490; x_wconf 81' lang='grc' dir='ltr'><strong><em>συνίστατο,</em></strong></span> <span class='ocrx_word' id='word_1_347' title='bbox 889 2437 1008 2480; x_wconf 80' lang='lat' dir='ltr'><strong>bene.</strong></span> <span class='ocrx_word' id='word_1_348' title='bbox 1030 2448 1079 2477; x_wconf 92' lang='lat' dir='ltr'><strong>ut</strong></span> <span class='ocrx_word' id='word_1_349' title='bbox 1097 2452 1224 2494; x_wconf 83' lang='lat' dir='ltr'><strong>segm.</strong></span> <span class='ocrx_word' id='word_1_350' title='bbox 1254 2452 1341 2493; x_wconf 86' lang='lat' dir='ltr'><strong>seq.</strong></span> <span class='ocrx_word' id='word_1_351' title='bbox 1371 2435 1561 2482; x_wconf 81' lang='grc' dir='ltr'><strong><em>οἷνίστατο</em></strong></span> 
     </span>
     <span class='ocr_line' id='line_1_41' title="bbox 94 2492 622 2552; baseline -0.008 -12"><span class='ocrx_word' id='word_1_352' title='bbox 94 2494 144 2540; x_wconf 74' lang='lat' dir='ltr'><strong>toi</strong></span> <span class='ocrx_word' id='word_1_353' title='bbox 174 2492 426 2552; x_wconf 76' lang='grc' dir='ltr'><strong><em>δικαστήρια.</em></strong></span> <span class='ocrx_word' id='word_1_354' title='bbox 486 2494 622 2536; x_wconf 67' lang='lat' dir='ltr'><strong>Iunc..</strong></span> 
     </span>
    </p>

    <p class='ocr_par' dir='ltr' id='par_1_8' title="bbox 100 2548 1561 2664">
     <span class='ocr_line' id='line_1_42' title="bbox 209 2548 1560 2606; baseline -0.004 -11"><span class='ocrx_word' id='word_1_355' title='bbox 209 2555 446 2596; x_wconf 77' lang='grc' dir='ltr'><strong><em>συνίσταντο</em></strong></span> <span class='ocrx_word' id='word_1_356' title='bbox 475 2548 546 2594; x_wconf 79' lang='grc' dir='ltr'><strong>δύο</strong></span> <span class='ocrx_word' id='word_1_357' title='bbox 573 2549 679 2606; x_wconf 84' lang='grc' dir='ltr'><strong><em>δικ.]</em></strong></span> <span class='ocrx_word' id='word_1_358' title='bbox 740 2553 855 2592; x_wconf 92' lang='lat' dir='ltr'><strong>Tuto</strong></span> <span class='ocrx_word' id='word_1_359' title='bbox 895 2550 1006 2591; x_wconf 85' lang='lat' dir='ltr'><strong>hanc</strong></span> <span class='ocrx_word' id='word_1_360' title='bbox 1042 2551 1270 2592; x_wconf 86' lang='lat' dir='ltr'><strong>lectionem</strong></span> <span class='ocrx_word' id='word_1_361' title='bbox 1310 2551 1560 2601; x_wconf 86' lang='lat' dir='ltr'><strong>retinemus,</strong></span> 
     </span>
     <span class='ocr_line' id='line_1_43' title="bbox 100 2607 1561 2664; baseline 0.001 -12"><span class='ocrx_word' id='word_1_362' title='bbox 100 2610 266 2652; x_wconf 76' lang='lat' dir='ltr'><strong>etiamsi</strong></span> <span class='ocrx_word' id='word_1_363' title='bbox 291 2613 434 2655; x_wconf 80' lang='lat' dir='ltr'><strong>altera,</strong></span> <span class='ocrx_word' id='word_1_364' title='bbox 463 2622 588 2664; x_wconf 90' lang='lat' dir='ltr'><strong>quam</strong></span> <span class='ocrx_word' id='word_1_365' title='bbox 619 2611 924 2662; x_wconf 73' lang='lat' dir='ltr'><strong>langermanni</strong></span> <span class='ocrx_word' id='word_1_366' title='bbox 947 2618 1231 2663; x_wconf 84' lang='lat' dir='ltr'><strong>repraesentat</strong></span> <span class='ocrx_word' id='word_1_367' title='bbox 1252 2607 1416 2660; x_wconf 82' lang='lat' dir='ltr'><strong>Codex,</strong></span> <span class='ocrx_word' id='word_1_368' title='bbox 1447 2611 1561 2653; x_wconf 81' lang='grc' dir='ltr'><strong><em>συνί-</em></strong></span> 
     </span>
    </p>
   </div>
  </div>
 </body>
</html>
