1664 3016
615 93 617 96 “
688 89 809 134 VIII.
870 95 965 136 118.
1325 84 1340 95 ’”
1478 95 1559 138 782

101 207 261 264 absque
286 206 500 261 excerptis
522 205 934 260 Falcke'nbtirgianis
955 211 1080 256 esset,
1107 204 1287 246 cubaret
1316 202 1560 245 adhucdum

101 264 289 306 medelae
321 263 491 304 nescius
520 262 594 302 hic
621 265 758 305 locus.
806 262 971 303 excidit
1001 262 1148 316 itaque
1174 257 1280 313 πλὴν
1312 271 1412 301 ante
1431 263 1473 304 εἴ
1498 279 1562 311 τις

103 331 186 363 eto.
220 330 271 361 nt
298 318 629 373 Falekenburgii
649 320 862 373 Excerpta
893 321 1004 359 clare
1030 318 1200 360 docent.
1231 317 1298 358 illi
1317 332 1470 372 nempe
1487 318 1563 372 qui

102 376 381 433 parricidium
403 377 693 428 commiserat,
720 390 810 417 non
842 375 1001 416 licebat
1024 376 1160 428 prima
1179 375 1328 415 habita
1364 374 1562 416 oratione

103 437 242 475 solum
269 442 460 484 vertere,
489 447 545 472 ne
584 433 773 472 omnium
808 432 1048 472 execrabile
1068 432 1250 473 maxime
1280 431 1452 470 facinus
1472 445 1563 471 non

102 491 344 547 puniretur.
381 499 426 530 et
451 488 556 530 haec
576 489 751 542 quidem
777 503 872 529 meo
899 489 1067 528 iudicio
1087 490 1146 527 ita
1166 497 1269 528 suut
1288 491 1399 528 clara
1420 502 1469 528 ac
1489 488 1565 527 iu-

105 546 302 588 dubitate
330 558 451 599 vera,
481 555 531 585 ut
555 546 680 586 istam
698 547 928 586 lectionem
947 546 993 584 in
1012 554 1177 585 textum
1196 545 1476 599 reposuerim.
1553 581 1555 584 .

211 600 412 661 τετάρτῃ]
444 604 599 644 Mean.
620 603 667 642 iu
687 605 899 656 Areopag.
926 610 1096 655 quarto,
1116 603 1240 640 tertio
1261 611 1301 640 et
1315 601 1456 653 pridie
1478 601 1561 641 Ga<

103 659 347 714 landarum,
378 660 426 699 id
457 669 547 711 est,
578 663 774 713 vigesimo
798 662 992 712 septimo,
1021 666 1182 708 octavo,
1213 667 1254 697 et
1275 672 1381 697 nono
1400 658 1470 697 die
1491 672 1566 698 se-

106 717 291 759 cundum
328 731 480 758 morem
517 717 775 757 numerandi
804 714 1138 756 Atheniensibus
1174 723 1433 767 usurpatum.
1473 714 1563 756 vid.

106 775 329 828 Aristoph.
359 774 499 815 Nubes
535 789 634 831 pag.
668 774 762 818 114.
793 772 912 814 Edit.
948 773 1179 816 Basileenc.
1209 780 1255 812 et
1278 770 1344 811 ibi
1375 772 1563 812 Scholia.

105 833 291 874 Kanna.
1010 866 1013 867 γ

789 891 886 932 118.

219 943 323 1003 μειοῖ
337 939 384 989 td
402 945 567 999 δοῦναι]
605 945 833 1000 Postquam
855 943 1058 998 deposito
1079 941 1333 998 magistratu
1355 940 1566 981 rationem

107 1003 383 1046 reddiderant
413 1001 550 1043 officii
578 1001 687 1042 bene
717 999 1027 1050 administrati,
1065 1001 1317 1053 populoque
1344 1012 1388 1038 se
1408 1011 1568 1051 appro-

105 1062 304 1112 bassent,
334 1069 425 1100 tum
455 1059 623 1101 demum
653 1057 793 1098 aditus
820 1055 992 1112 patebat
1020 1055 1107 1095 illis
1130 1054 1185 1094 ad
1203 1056 1405 1104 Senatum
1423 1055 1570 1094 Areo-

107 1117 358 1176 pagiticum.
390 1115 491 1157 dein
523 1116 573 1157 C.
599 1116 653 1156 A.
682 1114 758 1158 ἅεα
775 1129 854 1169 pro
873 1111 947 1156 αἰεί.
978 1112 1068 1153 vid.
1097 1113 1256 1154 Meurs.
1285 1112 1498 1163 Areopag.
1530 1126 1568 1154 c.

106 1179 150 1221 5.
186 1177 452 1228 Harpocrat.
492 1173 539 1212 in
575 1174 816 1225 δοκιμασία,
857 1169 1120 1210 Demosthen.
1156 1168 1274 1208 Orat.
1310 1168 1372 1216 II.
1418 1177 1568 1207 contra

107 1234 335 1286 Aristogie.
375 1240 421 1272 et
454 1231 663 1283 Ulpianus
700 1229 748 1269 in
790 1227 1035 1267 ,Midianam
1067 1234 1110 1266 et
1151 1234 1300 1265 contra
1337 1225 1567 1277 Leptinen..

108 1291 288 1334 Korna.
760 1298 763 1302 ·
1571 1310 1574 1311 ν

221 1345 463 1399 ὑπαίθριοι]
496 1344 545 1385 C.
574 1344 627 1384 V.
657 1343 903 1399 ὑπαίθριον,
936 1338 1249 1380 adverbialiter.
1280 1336 1360 1376 sub
1379 1336 1452 1377 dio
1483 1352 1571 1377 au·-

109 1413 194 1446 tem
215 1402 487 1451 iudicabant,
512 1415 567 1441 ue
598 1414 687 1440 uno
709 1399 786 1439 sub
818 1408 933 1439 tecto
952 1407 1094 1438 essent
1112 1410 1207 1435 cum
1229 1394 1314 1434 reis
1337 1393 1570 1433 homicidii

109 1460 323 1516 sanguine
351 1458 558 1513 pollutis,
607 1456 724 1512 quod
753 1466 796 1496 et
830 1455 928 1495 aliis
969 1451 1229 1504 dicasteriis,
1277 1464 1388 1506 quae
1427 1449 1569 1491 caedis

111 1531 260 1559 causas
281 1514 620 1572 cognoscebant,
650 1522 916 1567 usurpatum.
975 1511 1151 1551 Horum.

223 1573 440 1627 α’νεψιῶν]
470 1572 686 1611 Demosth.
718 1579 867 1611 contra
898 1568 1110 1607 Aristocr.
1141 1561 1403 1620 ἄνεψιαδαῒν,
1434 1573 1479 1604 et
1506 1563 1571 1602 sic

113 1634 228 1673 forte
246 1627 321 1671 hi'c
337 1628 656 1684 reponendum.
688 1626 805 1683 quod
826 1636 870 1667 et
889 1628 1060 1665 Peticus
1079 1622 1191 1664 vidit
1210 1621 1255 1661 iu
1278 1622 1333 1661 L.
1359 1621 1415 1661 L.
1447 1622 1567 1660 Atti-

112 1704 190 1730 cae
214 1703 259 1744 p.
292 1689 388 1741 570.
446 1688 627 1727 lim-zan.

227 1744 437 1801 ἀνεψιῶν]
489 1744 726 1782 Remanere
760 1753 906 1794 passus
943 1752 1035 1778 sum
1075 1736 1188 1776 hane
1231 1748 1407 1785 vocem,
1446 1747 1573 1790 quam

115 1804 338 1844 Kuehniua
359 1802 404 1840 in
423 1799 664 1853 ἀνεψιαδῶν
683 1805 878 1836 mutarat.

226 1857 569 1913 προσεπερωτᾷν]
598 1855 690 1896 MS·
724 1856 891 1908 ἐπερωτ.
949 1853 1046 1894 San.

227 1914 564 1972 προσεπερωτᾷν]
615 1909 744 1954 MSS.
776 1911 990 1966 ἐπερωτᾷν.
1034 1905 1173 1948 caedis
1202 1904 1316 1944 actio
1346 1903 1573 1958 pertinge-

116 1976 191 2016 bat
210 1987 352 2028 usque
370 1971 423 2011 ad
442 1971 641 2010 sobrinos
662 1982 896 2021 eorumque
916 1967 1043 2017 filios,
1073 1974 1115 2005 et
1135 1964 1181 2002 in
1200 1962 1297 2016 ipso
1320 1961 1573 2009 iuramento,

117 2031 234 2088 quod
255 2039 375 2070 actor
398 2025 665 2082 praestabat,
695 2023 976 2064 adiiciebatur
1003 2019 1284 2074 interrogatio
1307 2016 1357 2057 de
1381 2017 1575 2070 cognatis

115 2086 464 2145 propinquisque
497 2082 729 2124 interfecti.
769 2080 858 2123 vid.
896 2082 1073 2121 Platon.
1114 2075 1193 2117 lib.
1223 2074 1303 2115 IX.
1347 2072 1399 2114 de
1434 2074 1489 2115 L.
1518 2073 1574 2113 L.

116 2145 303 2187 Hunni«.
958 2169 962 2172 -

230 2197 573 2257 προσεπερωτᾷν]
630 2195 725 2236 MS.
767 2203 913 2236 noster
950 2202 1001 2233 ut
1030 2192 1170 2232 Seberi
1202 2189 1312 2247 ὅρκῳ
1354 2184 1574 2240 ἐπερωτᾷν.

117 2261 342 2302 Iunonum.

232 2316 347 2369 ἐστὶ]
378 2314 475 2354 MS.
505 2310 603 2354 ἔστι.
661 2310 787 2350 Iunc.

231 2373 308 2428 κᾷν
330 2370 509 2422 οἰκέτης]
557 2369 632 2407 Vel
652 2380 776 2407 servo
803 2364 1034 2404 interfecto
1056 2358 1232 2401 domino
1261 2355 1421 2398 licebat
1453 2367 1572 2395 reum

122 2428 263 2471 caedis
286 2429 450 2470 deferre
470 2425 802 2466 interfectorem.
859 2421 1037 2461 Ruunt.

233 2483 490 2536 ἐπισκήπτει,
520 2485 590 2524 καὶ
617 2480 803 2535 ‹fornel-J
857 2477 908 2519 C.
939 2477 991 2517 V.
1030 2475 1298 2519 ἐπισκήπτειν
1328 2465 1574 2523 συγκεχώρη-

120 2562 203 2594 ται,
235 2557 345 2598 quae
372 2542 504 2581 lectio
543 2539 677 2584 bona,
705 2536 833 2575 modo
862 2531 1119 2583 ἐπισκήπτειν
1141 2533 1321 2585 legatur.
1347 2526 1398 2566 C.
1429 2527 1475 2566 Δ.
1506 2534 1575 2564 et-

123 2603 206 2642 iam
235 2602 343 2640 male
374 2597 602 2642 ἒπισκέπτει
624 2610 633 2620 ·
663 2593 894 2634 lectionem
924 2587 1163 2640 ἐπισκήπτει
1190 2583 1343 2641 probat
1374 2591 1417 2624 et
1443 2581 1577 2623 Vale-
