1664 3016
687 153 946 199 v11.19o.
1058 119 1061 122 ¹
1202 161 1208 166 ’
1456 153 1541 198 533

88 305 120 320 ,.
196 263 462 324 βιομὴχανία]
492 269 577 309 Pro
607 269 847 324 βιομηχανία
875 266 967 311 MS.
987 262 1238 324 βιομὴχανοι.
1279 266 1433 313 Utrum
1452 264 1540 306 ita-

81 339 164 382 que
181 325 265 366 iam
287 325 452 366 dixerit
471 326 662 378 Antipho
675 325 696 365 ⁸?
725 331 831 368 Iuno.
1284 322 1287 327 ’

169 390 489 451 -σκηνοποιούς]
523 391 570 435 C.
592 393 644 435 V.
668 390 890 448 σκηνικοῦς
908 393 1029 449 legit.
1086 398 1238 438 Kum-

190 447 480 505 σκηνοποιούς]
511 450 610 493 MS.
634 449 719 492 itat
748 453 815 493 καὶ
835 448 1052 505 σκηνικοῦς
1069 452 1112 494 οἵ
1125 449 1287 492 παλαιοὶ
1306 444 1536 502 &demonem

77 509 178 549 Post
199 522 308 562 quae
328 508 375 548 in
403 507 499 547 MS.
522 520 680 546 novum
702 517 830 562 caput
850 508 1058 562 sequitur,
1071 506 1260 560 praefixo
1278 504 1361 546 hoe
1381 505 1508 545 titulo
1522 522 1535 548 ς

75 566 166 620 περὶ
186 568 432 622 γελωποιοῦ,
462 564 529 606 καὶ
552 566 823 620 κυβερνητῶν,
853 566 922 608 καὶ
940 565 1084 619 ἐτέρων
1104 561 1315 620 διαφόρων
1332 564 1533 617 ἐπιτηδευ-

73 623 222 677 μάτων.
276 628 385 664 que.
1495 632 1499 636 ’

188 675 482 733 σκηνοποιούς]
514 674 619 720 Cum
649 676 847 718 omnibus
879 675 998 722 MSS.
1029 675 1363 731 Falckmburgia·
1386 672 1532 718 Codex

75 735 292 792 σκηνικούς
323 734 462 778 habet.

395 827 398 830 ·
759 807 853 849 190.

182 858 474 919 γλωττοποιός,
504 860 572 903 καὶ
601 864 735 917 γλωττ.
771 864 838 906 καὶ
861 858 1029 918 fluum]
1069 857 1157 899 Hie
1185 857 1345 913 incipit
1377 858 1528 899 iterum

73 917 189 961 ΟΛ.
223 917 343 961 G.·V.
366 917 651 975 γελωτοποιὸς,
680 923 972 974 γελωτοποιεῖν.
1003 921 1370 973 γελωτοποιοῦντες.
1401 916 1463 954 sic
1485 923 1529 954 et

72 978 207 1019 Salm.
227 975 360 1016 MSS.
386 976 455 1015 Gl.
478 975 751 1030 γελωτοποιὸς,
779 990 942 1026 scurra,
964 974 1185 1013 ridiculus.
1214 982 1357 1026 posset
1375 982 1417 1013 et
1441 970 1528 1011 dici

71 1035 237 1084 mimus,
271 1033 567 1083 ridicularia-5⁸,
594 1035 894 1085 pantomimus.
943 1031 1216 1071 Pantolabus
1237 1043 1402 1081 scurra,
1435 1030 1527 1068 Ho-

70 1098 152 1132 rat.
171 1088 314 1143 Satyr.
334 1087 374 1130 8.
430 1095 580 1130 Kumm.

183 1154 468 1213 γλωττοποιὸς,
497 1158 565 1198 καὶ
586 1161 720 1212 γλωττ.
748 1157 815 1199 καὶ
834 1137 1098 1213 ylwn.]'1ta
1120 1154 1219 1198 MS.
1246 1150 1524 1211 γελωτοποιός,

69 1220 367 1270 γελωτοποιεῖν,
396 1214 463 1255 καὶ
484 1218 862 1268 γελωτοποιοῦντες,
896 1211 949 1264 ὥς
970 1214 1179 1265 Ξενοφῶν.
1210 1226 1318 1267 quae
1338 1226 1424 1252 non
1447 1210 1523 1250 du.-

68 1273 183 1318 bito,
215 1271 316 1327 quin
349 1284 442 1310 vera
462 1271 618 1322 lectio,
658 1281 700 1309 et
723 1271 913 1311 Pollucis
943 1268 1217 1311 restituenda.
1255 1264 1524 1325 γλωττοποιόν

67 1339 110 1368 et
142 1328 194 1368 de
224 1342 270 1368 ea
293 1336 377 1366 tam
407 1329 562 1376 multa,
603 1331 728 1381 plane
761 1327 906 1379 inepte
937 1327 1008 1367 hic
1039 1327 1316 1368 intruserunt.
1357 1324 1524 1365 dixerat

65 1385 178 1425 euim
206 1385 288 1424 iam
326 1383 378 1424 de
407 1398 456 1423 eo
481 1384 660 1438 eiusque
690 1383 904 1423 sodalibus
933 1398 1060 1438 supra
1086 1384 1244 1422 Pollux
1269 1396 1400 1438 segm.
1427 1380 1521 1425 155·

63 1441 318 1482 Lectionem
349 1441 442 1483 MS.
475 1441 666 1494 quamvis
706 1455 794 1480 non
829 1440 1013 1495 amplius
1048 1454 1154 1493 opus
1180 1437 1521 1488 confirmatione,

65 1499 192 1538 etiam
224 1497 351 1537 verba
383 1497 668 1549 Xenophontis
709 1499 750 1540 ἐν
786 1499 995 1556 συμποσίῳ
1035 1496 1138 1536 satis
1178 1494 1369 1549 firmant,
1412 1509 1520 1551 quae

62 1556 214 1596 Noster
244 1554 453 1608 respexit,
484 1565 532 1593 ut
565 1555 707 1593 statim
741 1554 870 1594 initio
905 1555 995 1594 eius
1025 1552 1256 1607 symposii,
1289 1551 1341 1593 de
1368 1566 1420 1593 eo
1443 1552 1520 1607 qui

64 1626 150 1652 non
183 1611 399 1650 minimam
430 1611 474 1648 in
501 1625 550 1650 eo
579 1626 800 1663 personam
820 1612 951 1666 gerit,
1000 1614 1197 1660 Φίλιππος
1215 1607 1236 1652 ὅ
1255 1608 1520 1666 γελωτοποιός

64 1669 261 1708 occurrit.
333 1669 392 1709 Et
422 1667 623 1707 inferius:
665 1665 713 1709 σύ
734 1685 776 1723 γε
803 1667 907 1722 μὴν,
946 1671 1076 1722 δηλῶν
1106 1668 1185 1721 ἔφη
1214 1663 1238 1710 ὅ
1269 1664 1423 1709 Λύκων
1447 1665 1519 1710 τόν

70 1727 283 1772 Φίλιππον,
320 1726 384 1767 ἐπὶ
411 1729 468 1781 τῷ
489 1729 766 1779 γελωτοποιεῖν
791 1726 888 1781 μέγα
920 1731 1080 1779 φρονεῖς
1089 1743 1102 1776 5
1138 1723 1214 1763 ubi
1242 1733 1341 1778 post
1369 1723 1433 1764 es't
1473 1733 1518 1765 et

62 1782 331 1838 γελωτοποιία.
362 1781 490 1822 habes
514 1791 556 1822 et
586 1782 699 1821 infra
722 1798 785 1832 nt,
821 1780 926 1833 148,
958 1781 1119 1838 etk149.
1160 1785 1444 1837 γελωτοποιεῖν
1472 1790 1516 1821 et

62 1839 344 1894 γελωτοποιία·
384 1848 426 1878 et
451 1837 722 1894 γελωτοποιός.
770 1839 960 1894 quamvis
994 1839 1056 1879 ibi
1091 1835 1357 1893 σκληρότερον
1389 1846 1516 1879 vocet

62 1895 235 1936 verbum
255 1899 547 1950 γελωτοποιεῖν,
579 1906 622 1935 et
640 1897 758 1936 malit
773 1898 921 1952 γέλωτα
942 1898 1142 1939 τίθεσθαι.
1197 1900 1307 1936 que.

79 2014 82 2015 ⁷
177 1959 464 2019 γλωττοποιὸς,
495 1963 561 2004 καὶ
590 1967 722 2017 γλωττ,
750 1966 816 2008 καὶ
835 1970 999 2021 γλωττ.]
1038 1965 1105 2005 Ita
1132 1963 1333 2005 vitiosius
1363 1962 1516 2005 habuit

63 2020 200 2062 editio
233 2020 388 2070 Seberi,
430 2033 553 2072 quam
586 2020 883 2072 praecedentes
915 2023 1044 2071 aliae;
1076 2021 1121 2060 in
1153 2021 1208 2061 iis
1236 2020 1350 2066 enim
1378 2020 1514 2065 omni-

63 2079 140 2117 bus
164 2086 224 2117 est
242 2074 486 2132 γλωτοποιός
512 2085 591 2116 etc.
622 2091 695 2130 per
720 2078 899 2131 simplex
917 2097 960 2131 τ,
992 2078 1107 2133 quod
1126 2092 1266 2120 veram
1283 2078 1514 2122 lectionem

61 2134 237 2188 propius
278 2131 455 2173 accedit.
494 2133 662 2172 restitui
688 2145 847 2186 autem,
887 2134 1032 2176 ducem
1066 2143 1267 2191 sequutus
1296 2133 1514 2176 CLKueh-

61 2193 199 2241 nium,
245 2190 290 2229 iu
325 2199 475 2237 textu,
515 2195 700 2242 γελωτοπ-
727 2197 915 2246 γελωτοπ.
945 2203 987 2232 et
1018 2194 1399 2248 γελωτοποιοῦντες·
1438 2204 1513 2231 eae

61 2248 174 2288 enim
204 2260 328 2287 voces
358 2245 581 2295 materiae,
615 2261 735 2300 quam
765 2248 909 2288 Pollux
939 2259 1085 2290 noster
1110 2257 1286 2299 tractat,
1323 2246 1513 2302 apprime

62 2304 338 2346 conveniunt.
408 2304 506 2342 Hoc
547 2313 684 2342 autem
723 2303 944 2347 hominum
987 2320 1121 2362 genus
1159 2304 1313 2344 mensis
1351 2313 1511 2344 veteres

62 2359 263 2400 adhibere
283 2359 498 2409 solebant,
532 2368 580 2398 ut
606 2361 782 2413 prolatis
805 2360 852 2400 in
886 2361 1072 2403 medium
1104 2361 1213 2403 iocis
1241 2361 1371 2399 risum
1397 2358 1512 2400 exci-

61 2426 224 2468 tarent,
253 2417 543 2470 convivasque
572 2415 882 2470 exhilarareut3
913 2433 1043 2475 eaque
1071 2418 1123 2460 de
1145 2430 1268 2458 causa
1295 2419 1511 2472 eleganter

60 2472 282 2512 Ambrosio
303 2472 354 2512 ad
377 2474 441 2514 Ps.
461 2489 490 2515 1.
522 2476 701 2512 iocorum
721 2476 908 2514 ministri
929 2474 1144 2517 dicuntur.

171 2543 477 2595 γλωττοποιεῖν]
509 2541 594 2580 Ηίο
626 2542 819 2596 sequitur
845 2542 891 2582 in
914 2542 962 2583 C.
983 2543 1034 2582 A.
1054 2540 1373 2597 ἕκπωματοποιοὶ
1388 2556 1510 2595 γραμ·

61 2596 341 2651 ματιδιοττοιός
368 2602 608 2654 κυβερνῆται
635 2596 840 2653 πρωρήται
866 2601 894 2644 ἐ.
925 2617 962 2643 ν.
990 2606 1187 2658 πορθμεῖς
1215 2597 1399 2643 νεουλκοὶ
1427 2606 1507 2638 etc.

64 2656 196 2698 Salm.
221 2654 338 2696 MSS.
361 2653 763 2711 γραμματοδιοποιὸς.
820 2662 968 2696 Kumm.
