<?xml version="1.0" encoding="UTF-8"?>
<!DOCTYPE html PUBLIC "-//W3C//DTD XHTML 1.0 Transitional//EN"
    "http://www.w3.org/TR/xhtml1/DTD/xhtml1-transitional.dtd">
<html xmlns="http://www.w3.org/1999/xhtml" xml:lang="en" lang="en">
 <head>
  <title>
</title>
<meta http-equiv="Content-Type" content="text/html;charset=utf-8" />
  <meta name='ocr-system' content='tesseract 3.04.00' />
  <meta name='ocr-capabilities' content='ocr_page ocr_carea ocr_par ocr_line ocrx_word'/>
</head>
<body>
  <div class='ocr_page' id='page_1' title='image "./p1onomastic05polluoft_0682.png"; bbox 0 0 1664 3016; ppageno 0'>
   <div class='ocr_carea' id='block_1_1' title="bbox 158 146 999 193">
    <p class='ocr_par' dir='ltr' id='par_1_1' title="bbox 158 146 999 193">
     <span class='ocr_line' id='line_1_1' title="bbox 158 146 999 193; baseline 0.01 -7"><span class='ocrx_word' id='word_1_1' title='bbox 158 146 241 186; x_wconf 86' lang='lat'><strong>710</strong></span> <span class='ocrx_word' id='word_1_2' title='bbox 753 147 876 189; x_wconf 79' lang='lat' dir='ltr'><strong>VIII.</strong></span> <span class='ocrx_word' id='word_1_3' title='bbox 933 152 999 193; x_wconf 86' lang='lat'><strong>91.</strong></span> 
     </span>
    </p>
   </div>
   <div class='ocr_carea' id='block_1_2' title="bbox 161 257 1608 356">
    <p class='ocr_par' dir='ltr' id='par_1_2' title="bbox 161 257 1608 354">
     <span class='ocr_line' id='line_1_2' title="bbox 162 257 1608 322; baseline 0.006 -22"><span class='ocrx_word' id='word_1_4' title='bbox 162 274 306 307; x_wconf 83' lang='grc' dir='ltr'><strong><em>κοντα,</em></strong></span> <span class='ocrx_word' id='word_1_5' title='bbox 353 258 393 309; x_wconf 76' lang='grc' dir='ltr'><strong>ἐξ</strong></span> <span class='ocrx_word' id='word_1_6' title='bbox 421 275 476 300; x_wconf 88' lang='grc' dir='ltr'><strong>ων</strong></span> <span class='ocrx_word' id='word_1_7' title='bbox 514 259 559 301; x_wconf 83' lang='grc' dir='ltr'><strong><em>αἴ</em></strong></span> <span class='ocrx_word' id='word_1_8' title='bbox 583 257 800 315; x_wconf 78' lang='grc' dir='ltr'><strong><em>ἱερωσύναι</em></strong></span> <span class='ocrx_word' id='word_1_9' title='bbox 827 259 1007 312; x_wconf 78' lang='grc' dir='ltr'><strong><em>ἑκάστοις</em></strong></span> <span class='ocrx_word' id='word_1_10' title='bbox 1049 263 1325 319; x_wconf 80' lang='grc' dir='ltr'><strong><em>προσήκουσαι</em></strong></span> <span class='ocrx_word' id='word_1_11' title='bbox 1357 264 1608 322; x_wconf 75' lang='grc' dir='ltr'><strong><em>ἐκληροῦντο.</em></strong></span> 
     </span>
     <span class='ocr_line' id='line_1_3' title="bbox 161 321 345 356; baseline -0.006 -2"><span class='ocrx_word' id='word_1_12' title='bbox 161 321 302 354; x_wconf 76' lang='grc' dir='ltr'><strong>ΙυΝοΕι·</strong></span> <span class='ocrx_word' id='word_1_13' title='bbox 304 331 345 356; x_wconf 70' lang='grc' dir='ltr'><strong>Μ.</strong></span> 
     </span>
    </p>
   </div>
   <div class='ocr_carea' id='block_1_3' title="bbox 163 369 1610 483">
    <p class='ocr_par' dir='ltr' id='par_1_3' title="bbox 163 369 1610 483">
     <span class='ocr_line' id='line_1_4' title="bbox 274 369 1610 432; baseline 0.005 -19"><span class='ocrx_word' id='word_1_14' title='bbox 274 372 329 420; x_wconf 79' lang='grc' dir='ltr'><strong>εἰς</strong></span> <span class='ocrx_word' id='word_1_15' title='bbox 348 369 506 425; x_wconf 82' lang='grc' dir='ltr'><strong><em>’Ἀρειον</em></strong></span> <span class='ocrx_word' id='word_1_16' title='bbox 530 370 690 429; x_wconf 79' lang='grc' dir='ltr'><strong><em>πάγον]</em></strong></span> <span class='ocrx_word' id='word_1_17' title='bbox 724 373 822 414; x_wconf 84' lang='lat' dir='ltr'><strong>vid.</strong></span> <span class='ocrx_word' id='word_1_18' title='bbox 845 375 1143 428; x_wconf 75' lang='lat' dir='ltr'><strong>Antiphontem</strong></span> <span class='ocrx_word' id='word_1_19' title='bbox 1174 377 1293 420; x_wconf 83' lang='lat' dir='ltr'><strong>Orat.</strong></span> <span class='ocrx_word' id='word_1_20' title='bbox 1323 392 1403 420; x_wconf 82' lang='lat' dir='ltr'><strong>xv.</strong></span> <span class='ocrx_word' id='word_1_21' title='bbox 1438 391 1483 432; x_wconf 82' lang='lat' dir='ltr'><strong>p.</strong></span> <span class='ocrx_word' id='word_1_22' title='bbox 1518 377 1610 432; x_wconf 83' lang='lat'><strong>157.</strong></span> 
     </span>
     <span class='ocr_line' id='line_1_5' title="bbox 163 426 519 483; baseline 0 -15"><span class='ocrx_word' id='word_1_23' title='bbox 163 437 205 468; x_wconf 86' lang='lat' dir='ltr'><strong>et</strong></span> <span class='ocrx_word' id='word_1_24' title='bbox 228 426 318 483; x_wconf 84' lang='lat'><strong>¹59</strong></span> <span class='ocrx_word' id='word_1_25' title='bbox 374 435 519 470; x_wconf 64' lang='lat' dir='ltr'><strong>Ktmnn.</strong></span> 
     </span>
    </p>
   </div>
   <div class='ocr_carea' id='block_1_4' title="bbox 162 482 1610 595">
    <p class='ocr_par' dir='ltr' id='par_1_4' title="bbox 162 482 1610 595">
     <span class='ocr_line' id='line_1_6' title="bbox 275 482 1610 583; baseline 0.004 -57"><span class='ocrx_word' id='word_1_26' title='bbox 275 486 330 582; x_wconf 58' lang='grc' dir='ltr'><strong>Ξίς</strong></span> <span class='ocrx_word' id='word_1_27' title='bbox 342 483 504 583; x_wconf 46' lang='grc' dir='ltr'><strong><em>’χέρειον</em></strong></span> <span class='ocrx_word' id='word_1_28' title='bbox 527 483 683 542; x_wconf 78' lang='grc' dir='ltr'><strong><em>πάγον]</em></strong></span> <span class='ocrx_word' id='word_1_29' title='bbox 726 482 825 528; x_wconf 89' lang='lat' dir='ltr'><strong>Vid.</strong></span> <span class='ocrx_word' id='word_1_30' title='bbox 855 489 1003 542; x_wconf 83' lang='lat' dir='ltr'><strong>Sigon.</strong></span> <span class='ocrx_word' id='word_1_31' title='bbox 1033 489 1109 534; x_wconf 88' lang='lat' dir='ltr'><strong>lib.</strong></span> <span class='ocrx_word' id='word_1_32' title='bbox 1141 506 1214 535; x_wconf 85' lang='lat'><strong>111.</strong></span> <span class='ocrx_word' id='word_1_33' title='bbox 1244 489 1295 532; x_wconf 84' lang='lat' dir='ltr'><strong>de</strong></span> <span class='ocrx_word' id='word_1_34' title='bbox 1314 491 1422 545; x_wconf 85' lang='lat' dir='ltr'><strong>Rep.</strong></span> <span class='ocrx_word' id='word_1_35' title='bbox 1454 490 1610 532; x_wconf 75' lang='lat' dir='ltr'><strong>Athen.</strong></span> 
     </span>
     <span class='ocr_line' id='line_1_7' title="bbox 162 555 469 595; baseline -0.007 -13"><span class='ocrx_word' id='word_1_36' title='bbox 162 555 253 595; x_wconf 80' lang='lat' dir='ltr'><strong>cap.</strong></span> <span class='ocrx_word' id='word_1_37' title='bbox 306 572 316 582; x_wconf 91' lang='lat'><strong>.</strong></span> <span class='ocrx_word' id='word_1_38' title='bbox 394 558 469 581; x_wconf 65' lang='lat' dir='ltr'><strong>une</strong></span> 
     </span>
    </p>
   </div>
   <div class='ocr_carea' id='block_1_5' title="bbox 163 595 1626 705">
    <p class='ocr_par' dir='ltr' id='par_1_5' title="bbox 163 595 1626 705">
     <span class='ocr_line' id='line_1_8' title="bbox 274 595 1626 662; baseline 0.004 -20"><span class='ocrx_word' id='word_1_39' title='bbox 274 595 349 642; x_wconf 81' lang='grc' dir='ltr'><strong>σὺν</strong></span> <span class='ocrx_word' id='word_1_40' title='bbox 377 597 514 649; x_wconf 75' lang='grc' dir='ltr'><strong><em>αὐτοῖς</em></strong></span> <span class='ocrx_word' id='word_1_41' title='bbox 542 598 726 655; x_wconf 59' lang='grc' dir='ltr'><strong><em>δικάζει]</em></strong></span> <span class='ocrx_word' id='word_1_42' title='bbox 767 601 817 642; x_wconf 89' lang='lat' dir='ltr'><strong>G.</strong></span> <span class='ocrx_word' id='word_1_43' title='bbox 836 601 887 643; x_wconf 83' lang='lat' dir='ltr'><strong>A.</strong></span> <span class='ocrx_word' id='word_1_44' title='bbox 909 601 984 645; x_wconf 78' lang='grc' dir='ltr'><strong>σῦν</strong></span> <span class='ocrx_word' id='word_1_45' title='bbox 1016 620 1121 662; x_wconf 85' lang='grc' dir='ltr'><strong><em>αυτω</em></strong></span> <span class='ocrx_word' id='word_1_46' title='bbox 1152 605 1292 655; x_wconf 58' lang='lat' dir='ltr'><strong>laicate.</strong></span> <span class='ocrx_word' id='word_1_47' title='bbox 1319 607 1400 660; x_wconf 84' lang='lat' dir='ltr'><strong>leg.</strong></span> <span class='ocrx_word' id='word_1_48' title='bbox 1418 616 1452 647; x_wconf 90' lang='grc' dir='ltr'><strong>σ.</strong></span> <span class='ocrx_word' id='word_1_49' title='bbox 1476 598 1626 654; x_wconf 55' lang='grc' dir='ltr'><strong><em>αὐτοῖς»</em></strong></span> 
     </span>
     <span class='ocr_line' id='line_1_9' title="bbox 163 655 527 705; baseline 0 -7"><span class='ocrx_word' id='word_1_50' title='bbox 163 655 326 705; x_wconf 75' lang='grc' dir='ltr'><strong><em>ἐδίκαζε</em></strong></span> <span class='ocrx_word' id='word_1_51' title='bbox 383 662 527 695; x_wconf 72' lang='lat' dir='ltr'><strong>KuenN</strong></span> 
     </span>
    </p>
   </div>
   <div class='ocr_carea' id='block_1_6' title="bbox 160 712 1618 1377">
    <p class='ocr_par' dir='ltr' id='par_1_6' title="bbox 160 712 1615 1051">
     <span class='ocr_line' id='line_1_10' title="bbox 274 712 1611 772; baseline 0.001 -18"><span class='ocrx_word' id='word_1_52' title='bbox 274 713 481 764; x_wconf 81' lang='grc' dir='ltr'><strong><em>ἐναντίοις]</em></strong></span> <span class='ocrx_word' id='word_1_53' title='bbox 516 712 560 756; x_wconf 88' lang='lat' dir='ltr'><strong>C.</strong></span> <span class='ocrx_word' id='word_1_54' title='bbox 584 715 637 755; x_wconf 92' lang='lat' dir='ltr'><strong>V.</strong></span> <span class='ocrx_word' id='word_1_55' title='bbox 657 714 698 756; x_wconf 83' lang='grc' dir='ltr'><strong>ἒν</strong></span> <span class='ocrx_word' id='word_1_56' title='bbox 715 716 835 772; x_wconf 74' lang='grc' dir='ltr'><strong><em>αἰτίᾳ,</em></strong></span> <span class='ocrx_word' id='word_1_57' title='bbox 865 718 940 769; x_wconf 82' lang='lat' dir='ltr'><strong>qui</strong></span> <span class='ocrx_word' id='word_1_58' title='bbox 953 719 1110 756; x_wconf 79' lang='lat' dir='ltr'><strong><em>crimen</em></strong></span> <span class='ocrx_word' id='word_1_59' title='bbox 1131 716 1295 764; x_wconf 77' lang='lat' dir='ltr'><strong>habent,</strong></span> <span class='ocrx_word' id='word_1_60' title='bbox 1325 716 1464 757; x_wconf 76' lang='lat' dir='ltr'><strong>caedis</strong></span> <span class='ocrx_word' id='word_1_61' title='bbox 1485 725 1611 771; x_wconf 80' lang='lat' dir='ltr'><strong>puta:</strong></span> 
     </span>
     <span class='ocr_line' id='line_1_11' title="bbox 162 759 1614 827; baseline 0.003 -20"><span class='ocrx_word' id='word_1_62' title='bbox 162 771 331 824; x_wconf 81' lang='lat' dir='ltr'><strong>vulgata</strong></span> <span class='ocrx_word' id='word_1_63' title='bbox 359 770 489 809; x_wconf 85' lang='lat' dir='ltr'><strong>lectio</strong></span> <span class='ocrx_word' id='word_1_64' title='bbox 515 770 686 822; x_wconf 82' lang='lat' dir='ltr'><strong>suadet,</strong></span> <span class='ocrx_word' id='word_1_65' title='bbox 717 782 765 810; x_wconf 85' lang='lat' dir='ltr'><strong>ut</strong></span> <span class='ocrx_word' id='word_1_66' title='bbox 791 759 979 827; x_wconf 71' lang='lat' dir='ltr'><strong>legamus</strong></span> <span class='ocrx_word' id='word_1_67' title='bbox 998 775 1040 816; x_wconf 81' lang='grc' dir='ltr'><strong>ἐν</strong></span> <span class='ocrx_word' id='word_1_68' title='bbox 1063 775 1216 823; x_wconf 82' lang='grc' dir='ltr'><strong>αἰτίαις.</strong></span> <span class='ocrx_word' id='word_1_69' title='bbox 1247 773 1294 816; x_wconf 88' lang='lat' dir='ltr'><strong>G.</strong></span> <span class='ocrx_word' id='word_1_70' title='bbox 1315 772 1368 814; x_wconf 88' lang='lat' dir='ltr'><strong>V.</strong></span> <span class='ocrx_word' id='word_1_71' title='bbox 1386 773 1614 813; x_wconf 85' lang='lat' dir='ltr'><strong>lectionem</strong></span> 
     </span>
     <span class='ocr_line' id='line_1_12' title="bbox 162 826 1612 887; baseline 0.003 -22"><span class='ocrx_word' id='word_1_72' title='bbox 162 826 283 865; x_wconf 86' lang='lat' dir='ltr'><strong>iuvat</strong></span> <span class='ocrx_word' id='word_1_73' title='bbox 319 827 534 867; x_wconf 79' lang='lat' dir='ltr'><strong>Demosth.</strong></span> <span class='ocrx_word' id='word_1_74' title='bbox 563 837 710 868; x_wconf 87' lang='lat' dir='ltr'><strong>contra</strong></span> <span class='ocrx_word' id='word_1_75' title='bbox 737 829 944 872; x_wconf 67' lang='lat' dir='ltr'><strong>Aristocr.</strong></span> <span class='ocrx_word' id='word_1_76' title='bbox 970 829 1138 870; x_wconf 83' lang='lat' dir='ltr'><strong>dicens·</strong></span> <span class='ocrx_word' id='word_1_77' title='bbox 1181 827 1283 872; x_wconf 77' lang='grc' dir='ltr'><strong><em>κατὰ</em></strong></span> <span class='ocrx_word' id='word_1_78' title='bbox 1316 832 1395 872; x_wconf 74' lang='grc' dir='ltr'><strong>τῶν</strong></span> <span class='ocrx_word' id='word_1_79' title='bbox 1422 831 1464 872; x_wconf 74' lang='grc' dir='ltr'><strong>ἒν</strong></span> <span class='ocrx_word' id='word_1_80' title='bbox 1493 831 1612 887; x_wconf 78' lang='grc' dir='ltr'><strong><em>αἰτίᾳ,</em></strong></span> 
     </span>
     <span class='ocr_line' id='line_1_13' title="bbox 160 880 1615 940; baseline -0.001 -15"><span class='ocrx_word' id='word_1_81' title='bbox 160 880 230 926; x_wconf 75' lang='grc' dir='ltr'><strong>ἐάν</strong></span> <span class='ocrx_word' id='word_1_82' title='bbox 257 900 316 932; x_wconf 85' lang='grc' dir='ltr'><strong><em>τις</em></strong></span> <span class='ocrx_word' id='word_1_83' title='bbox 347 880 563 937; x_wconf 73' lang='grc' dir='ltr'><strong><em>ἀποκτείνῃ</em></strong></span> <span class='ocrx_word' id='word_1_84' title='bbox 589 893 668 924; x_wconf 86' lang='lat' dir='ltr'><strong>etc.</strong></span> <span class='ocrx_word' id='word_1_85' title='bbox 698 884 811 926; x_wconf 89' lang='lat' dir='ltr'><strong>unde</strong></span> <span class='ocrx_word' id='word_1_86' title='bbox 843 895 962 940; x_wconf 87' lang='lat' dir='ltr'><strong>patet</strong></span> <span class='ocrx_word' id='word_1_87' title='bbox 987 886 1070 927; x_wconf 85' lang='lat' dir='ltr'><strong>hoe</strong></span> <span class='ocrx_word' id='word_1_88' title='bbox 1098 889 1195 926; x_wconf 88' lang='lat' dir='ltr'><strong>loco</strong></span> <span class='ocrx_word' id='word_1_89' title='bbox 1219 903 1316 936; x_wconf 86' lang='grc' dir='ltr'><strong><em>τους</em></strong></span> <span class='ocrx_word' id='word_1_90' title='bbox 1339 886 1382 928; x_wconf 77' lang='grc' dir='ltr'><strong>ἐν</strong></span> <span class='ocrx_word' id='word_1_91' title='bbox 1398 887 1504 928; x_wconf 80' lang='grc' dir='ltr'><strong><em>αἰτία</em></strong></span> <span class='ocrx_word' id='word_1_92' title='bbox 1523 899 1615 925; x_wconf 82' lang='lat' dir='ltr'><strong>esse</strong></span> 
     </span>
     <span class='ocr_line' id='line_1_14' title="bbox 161 929 1614 999; baseline 0.003 -21"><span class='ocrx_word' id='word_1_93' title='bbox 161 940 379 979; x_wconf 78' lang='lat' dir='ltr'><strong>homicidii</strong></span> <span class='ocrx_word' id='word_1_94' title='bbox 408 950 632 980; x_wconf 68' lang='lat' dir='ltr'><strong>accusatos</strong></span> <span class='ocrx_word' id='word_1_95' title='bbox 664 956 834 996; x_wconf 72' lang='lat' dir='ltr'><strong>reosque</strong></span> <span class='ocrx_word' id='word_1_96' title='bbox 849 952 1061 996; x_wconf 74' lang='lat' dir='ltr'><strong>peractos.</strong></span> <span class='ocrx_word' id='word_1_97' title='bbox 1096 943 1212 986; x_wconf 85' lang='lat' dir='ltr'><strong>conf.</strong></span> <span class='ocrx_word' id='word_1_98' title='bbox 1237 943 1351 984; x_wconf 73' lang='lat' dir='ltr'><strong>diota</strong></span> <span class='ocrx_word' id='word_1_99' title='bbox 1367 956 1460 999; x_wconf 73' lang='lat' dir='ltr'><strong>sup.</strong></span> <span class='ocrx_word' id='word_1_100' title='bbox 1481 929 1614 998; x_wconf 60' lang='lat' dir='ltr'><strong>segm.</strong></span> 
     </span>
     <span class='ocr_line' id='line_1_15' title="bbox 166 995 441 1051; baseline -0.011 -14"><span class='ocrx_word' id='word_1_101' title='bbox 166 995 232 1051; x_wconf 84' lang='grc'><strong>67.</strong></span> <span class='ocrx_word' id='word_1_102' title='bbox 289 1003 441 1036; x_wconf 58' lang='lat' dir='ltr'><strong>Kanna.</strong></span> 
     </span>
    </p>

    <p class='ocr_par' dir='ltr' id='par_1_7' title="bbox 165 1053 1616 1222">
     <span class='ocr_line' id='line_1_16' title="bbox 275 1053 1615 1111; baseline 0.001 -16"><span class='ocrx_word' id='word_1_103' title='bbox 275 1053 494 1103; x_wconf 77' lang='grc' dir='ltr'><strong><em>ἐναντίοις]</em></strong></span> <span class='ocrx_word' id='word_1_104' title='bbox 532 1054 614 1094; x_wconf 88' lang='lat' dir='ltr'><strong>Pro</strong></span> <span class='ocrx_word' id='word_1_105' title='bbox 641 1055 835 1104; x_wconf 78' lang='grc' dir='ltr'><strong><em>ἐναντίοις</em></strong></span> <span class='ocrx_word' id='word_1_106' title='bbox 856 1054 952 1097; x_wconf 88' lang='lat' dir='ltr'><strong>MS.</strong></span> <span class='ocrx_word' id='word_1_107' title='bbox 973 1054 1101 1096; x_wconf 88' lang='lat' dir='ltr'><strong>habet</strong></span> <span class='ocrx_word' id='word_1_108' title='bbox 1133 1056 1176 1098; x_wconf 80' lang='grc' dir='ltr'><strong>ἐν</strong></span> <span class='ocrx_word' id='word_1_109' title='bbox 1205 1057 1334 1098; x_wconf 82' lang='grc' dir='ltr'><strong><em>αἰτία·</em></strong></span> <span class='ocrx_word' id='word_1_110' title='bbox 1366 1054 1481 1111; x_wconf 89' lang='lat' dir='ltr'><strong>quod</strong></span> <span class='ocrx_word' id='word_1_111' title='bbox 1508 1064 1615 1110; x_wconf 86' lang='lat' dir='ltr'><strong>puto</strong></span> 
     </span>
     <span class='ocr_line' id='line_1_17' title="bbox 165 1110 1616 1167; baseline 0.001 -17"><span class='ocrx_word' id='word_1_112' title='bbox 165 1124 325 1159; x_wconf 88' lang='lat' dir='ltr'><strong>verum,</strong></span> <span class='ocrx_word' id='word_1_113' title='bbox 359 1110 524 1151; x_wconf 83' lang='lat' dir='ltr'><strong>scilicet</strong></span> <span class='ocrx_word' id='word_1_114' title='bbox 549 1117 630 1160; x_wconf 86' lang='grc' dir='ltr'><strong><em>τοῖς</em></strong></span> <span class='ocrx_word' id='word_1_115' title='bbox 648 1112 689 1154; x_wconf 83' lang='grc' dir='ltr'><strong>ἐν</strong></span> <span class='ocrx_word' id='word_1_116' title='bbox 708 1114 826 1167; x_wconf 74' lang='grc' dir='ltr'><strong><em>αἰτίᾳ,</em></strong></span> <span class='ocrx_word' id='word_1_117' title='bbox 857 1113 943 1151; x_wconf 76' lang='lat' dir='ltr'><strong>illis</strong></span> <span class='ocrx_word' id='word_1_118' title='bbox 965 1115 1038 1163; x_wconf 78' lang='lat' dir='ltr'><strong>qui</strong></span> <span class='ocrx_word' id='word_1_119' title='bbox 1056 1115 1102 1151; x_wconf 83' lang='lat' dir='ltr'><strong>in</strong></span> <span class='ocrx_word' id='word_1_120' title='bbox 1125 1121 1260 1153; x_wconf 79' lang='lat' dir='ltr'><strong>reatu.</strong></span> <span class='ocrx_word' id='word_1_121' title='bbox 1291 1121 1380 1154; x_wconf 77' lang='lat' dir='ltr'><strong>erat</strong></span> <span class='ocrx_word' id='word_1_122' title='bbox 1398 1112 1510 1154; x_wconf 86' lang='lat' dir='ltr'><strong>idem</strong></span> <span class='ocrx_word' id='word_1_123' title='bbox 1532 1111 1616 1152; x_wconf 82' lang='lat' dir='ltr'><strong>hoo</strong></span> 
     </span>
     <span class='ocr_line' id='line_1_18' title="bbox 166 1167 1152 1222; baseline -0.002 -13"><span class='ocrx_word' id='word_1_124' title='bbox 166 1169 354 1217; x_wconf 82' lang='grc' dir='ltr'><strong><em>λεξείδιον</em></strong></span> <span class='ocrx_word' id='word_1_125' title='bbox 373 1175 415 1206; x_wconf 84' lang='lat' dir='ltr'><strong>et</strong></span> <span class='ocrx_word' id='word_1_126' title='bbox 435 1181 558 1217; x_wconf 70' lang='lat' dir='ltr'><strong>supra</strong></span> <span class='ocrx_word' id='word_1_127' title='bbox 579 1181 704 1222; x_wconf 83' lang='lat' dir='ltr'><strong>segm.</strong></span> <span class='ocrx_word' id='word_1_128' title='bbox 729 1167 797 1222; x_wconf 83' lang='lat'><strong>67.</strong></span> <span class='ocrx_word' id='word_1_129' title='bbox 829 1168 873 1206; x_wconf 88' lang='lat' dir='ltr'><strong>in</strong></span> <span class='ocrx_word' id='word_1_130' title='bbox 897 1167 996 1210; x_wconf 88' lang='lat' dir='ltr'><strong>MS.</strong></span> <span class='ocrx_word' id='word_1_131' title='bbox 1045 1175 1152 1212; x_wconf 70' lang='lat' dir='ltr'><strong>Iuno.</strong></span> 
     </span>
    </p>

    <p class='ocr_par' dir='ltr' id='par_1_8' title="bbox 166 1224 1618 1377">
     <span class='ocr_line' id='line_1_19' title="bbox 275 1224 1616 1277; baseline -0.001 -13"><span class='ocrx_word' id='word_1_132' title='bbox 275 1224 497 1276; x_wconf 79' lang='grc' dir='ltr'><strong><em>ἐναντίοις]</em></strong></span> <span class='ocrx_word' id='word_1_133' title='bbox 533 1225 722 1263; x_wconf 84' lang='lat' dir='ltr'><strong>Restitui</strong></span> <span class='ocrx_word' id='word_1_134' title='bbox 750 1239 844 1264; x_wconf 90' lang='lat' dir='ltr'><strong>cum</strong></span> <span class='ocrx_word' id='word_1_135' title='bbox 863 1225 1173 1277; x_wconf 74' lang='lat' dir='ltr'><strong>Izcngermanno</strong></span> <span class='ocrx_word' id='word_1_136' title='bbox 1193 1235 1340 1266; x_wconf 82' lang='lat' dir='ltr'><strong>nostro</strong></span> <span class='ocrx_word' id='word_1_137' title='bbox 1361 1240 1410 1265; x_wconf 78' lang='lat' dir='ltr'><strong>ae</strong></span> <span class='ocrx_word' id='word_1_138' title='bbox 1430 1225 1616 1264; x_wconf 80' lang='lat' dir='ltr'><strong>Kuelmio</strong></span> 
     </span>
     <span class='ocr_line' id='line_1_20' title="bbox 166 1279 1618 1337; baseline -0.002 -14"><span class='ocrx_word' id='word_1_139' title='bbox 166 1279 210 1323; x_wconf 74' lang='grc' dir='ltr'><strong>ἐν</strong></span> <span class='ocrx_word' id='word_1_140' title='bbox 241 1282 365 1337; x_wconf 65' lang='lat' dir='ltr'><strong>alvia-⁸</strong></span> <span class='ocrx_word' id='word_1_141' title='bbox 418 1280 636 1321; x_wconf 78' lang='lat' dir='ltr'><strong>consentit</strong></span> <span class='ocrx_word' id='word_1_142' title='bbox 679 1280 723 1320; x_wconf 90' lang='lat' dir='ltr'><strong>in</strong></span> <span class='ocrx_word' id='word_1_143' title='bbox 772 1281 882 1321; x_wconf 80' lang='lat' dir='ltr'><strong>hano</strong></span> <span class='ocrx_word' id='word_1_144' title='bbox 918 1281 1255 1324; x_wconf 80' lang='lat' dir='ltr'><strong>emendationem</strong></span> <span class='ocrx_word' id='word_1_145' title='bbox 1290 1282 1618 1335; x_wconf 76' lang='lat' dir='ltr'><strong>Falckenburgii</strong></span> 
     </span>
     <span class='ocr_line' id='line_1_21' title="bbox 167 1323 334 1377; baseline 0 0"><span class='ocrx_word' id='word_1_146' title='bbox 167 1323 334 1377; x_wconf 88' lang='lat' dir='ltr'><strong>Codex.</strong></span> 
     </span>
    </p>
   </div>
   <div class='ocr_carea' id='block_1_7' title="bbox 166 1390 1628 2583">
    <p class='ocr_par' dir='ltr' id='par_1_9' title="bbox 166 1390 1620 1505">
     <span class='ocr_line' id='line_1_22' title="bbox 275 1390 1620 1451; baseline 0 -16"><span class='ocrx_word' id='word_1_147' title='bbox 275 1390 478 1447; x_wconf 68' lang='grc' dir='ltr'><strong><em>ἀψύχων]</em></strong></span> <span class='ocrx_word' id='word_1_148' title='bbox 513 1391 621 1432; x_wconf 87' lang='lat' dir='ltr'><strong>Vide</strong></span> <span class='ocrx_word' id='word_1_149' title='bbox 649 1394 793 1448; x_wconf 81' lang='lat' dir='ltr'><strong>Sigon.</strong></span> <span class='ocrx_word' id='word_1_150' title='bbox 820 1393 898 1435; x_wconf 92' lang='lat' dir='ltr'><strong>lib.</strong></span> <span class='ocrx_word' id='word_1_151' title='bbox 923 1411 998 1438; x_wconf 86' lang='grc' dir='ltr'><strong>ιιι.</strong></span> <span class='ocrx_word' id='word_1_152' title='bbox 1043 1394 1093 1436; x_wconf 90' lang='lat' dir='ltr'><strong>de</strong></span> <span class='ocrx_word' id='word_1_153' title='bbox 1123 1398 1230 1451; x_wconf 87' lang='lat' dir='ltr'><strong>Rep.</strong></span> <span class='ocrx_word' id='word_1_154' title='bbox 1261 1395 1418 1438; x_wconf 77' lang='lat' dir='ltr'><strong>Athen.</strong></span> <span class='ocrx_word' id='word_1_155' title='bbox 1449 1409 1483 1436; x_wconf 89' lang='lat' dir='ltr'><strong>c.</strong></span> <span class='ocrx_word' id='word_1_156' title='bbox 1506 1393 1543 1439; x_wconf 77' lang='lat'><strong>5.</strong></span> <span class='ocrx_word' id='word_1_157' title='bbox 1576 1404 1620 1436; x_wconf 84' lang='lat' dir='ltr'><strong>et</strong></span> 
     </span>
     <span class='ocr_line' id='line_1_23' title="bbox 166 1451 712 1505; baseline -0.002 -14"><span class='ocrx_word' id='word_1_158' title='bbox 166 1451 712 1505; x_wconf 68' lang='lat' dir='ltr'><strong>infrasegm.12o.1uue.</strong></span> 
     </span>
    </p>

    <p class='ocr_par' dir='ltr' id='par_1_10' title="bbox 166 1506 1617 1676">
     <span class='ocr_line' id='line_1_24' title="bbox 277 1506 1615 1578; baseline 0 -30"><span class='ocrx_word' id='word_1_159' title='bbox 277 1507 536 1578; x_wconf 79' lang='grc' dir='ltr'><strong><em>βασίλισσαν]</em></strong></span> <span class='ocrx_word' id='word_1_160' title='bbox 576 1509 646 1547; x_wconf 88' lang='lat' dir='ltr'><strong>De</strong></span> <span class='ocrx_word' id='word_1_161' title='bbox 679 1508 770 1548; x_wconf 85' lang='lat' dir='ltr'><strong>eius</strong></span> <span class='ocrx_word' id='word_1_162' title='bbox 802 1506 955 1548; x_wconf 79' lang='lat' dir='ltr'><strong>officiis</strong></span> <span class='ocrx_word' id='word_1_163' title='bbox 977 1509 1193 1550; x_wconf 78' lang='lat' dir='ltr'><strong>Demosth.</strong></span> <span class='ocrx_word' id='word_1_164' title='bbox 1222 1517 1369 1549; x_wconf 82' lang='lat' dir='ltr'><strong>contra</strong></span> <span class='ocrx_word' id='word_1_165' title='bbox 1396 1509 1615 1559; x_wconf 82' lang='lat' dir='ltr'><strong>Neaeram,</strong></span> 
     </span>
     <span class='ocr_line' id='line_1_25' title="bbox 166 1561 1617 1620; baseline -0.001 -15"><span class='ocrx_word' id='word_1_166' title='bbox 166 1564 343 1605; x_wconf 83' lang='lat' dir='ltr'><strong>debebat</strong></span> <span class='ocrx_word' id='word_1_167' title='bbox 363 1579 452 1604; x_wconf 88' lang='lat' dir='ltr'><strong>esse</strong></span> <span class='ocrx_word' id='word_1_168' title='bbox 473 1561 598 1618; x_wconf 70' lang='grc' dir='ltr'><strong><em>ἀστὴ,</em></strong></span> <span class='ocrx_word' id='word_1_169' title='bbox 644 1567 772 1613; x_wconf 71' lang='lat' dir='ltr'><strong>civis,</strong></span> <span class='ocrx_word' id='word_1_170' title='bbox 804 1565 1025 1619; x_wconf 90' lang='lat' dir='ltr'><strong>impolluta</strong></span> <span class='ocrx_word' id='word_1_171' title='bbox 1047 1565 1282 1614; x_wconf 63' lang='lat' dir='ltr'><strong>adulterio,</strong></span> <span class='ocrx_word' id='word_1_172' title='bbox 1314 1578 1504 1620; x_wconf 86' lang='lat' dir='ltr'><strong>quaeque</strong></span> <span class='ocrx_word' id='word_1_173' title='bbox 1523 1565 1617 1606; x_wconf 86' lang='lat' dir='ltr'><strong>viro</strong></span> 
     </span>
     <span class='ocr_line' id='line_1_26' title="bbox 167 1620 1343 1676; baseline 0 -16"><span class='ocrx_word' id='word_1_174' title='bbox 167 1632 368 1676; x_wconf 82' lang='lat' dir='ltr'><strong>nupserat</strong></span> <span class='ocrx_word' id='word_1_175' title='bbox 389 1622 526 1675; x_wconf 84' lang='lat' dir='ltr'><strong>virgo.</strong></span> <span class='ocrx_word' id='word_1_176' title='bbox 557 1637 603 1662; x_wconf 79' lang='lat' dir='ltr'><strong>ea</strong></span> <span class='ocrx_word' id='word_1_177' title='bbox 627 1623 801 1660; x_wconf 77' lang='lat' dir='ltr'><strong>Baccho</strong></span> <span class='ocrx_word' id='word_1_178' title='bbox 825 1620 1002 1660; x_wconf 85' lang='lat' dir='ltr'><strong>dabatur</strong></span> <span class='ocrx_word' id='word_1_179' title='bbox 1022 1636 1141 1664; x_wconf 84' lang='lat' dir='ltr'><strong>uxor.</strong></span> <span class='ocrx_word' id='word_1_180' title='bbox 1199 1628 1343 1662; x_wconf 76' lang='lat' dir='ltr'><strong>Kumm.</strong></span> 
     </span>
    </p>

    <p class='ocr_par' dir='ltr' id='par_1_11' title="bbox 166 1677 1619 1903">
     <span class='ocr_line' id='line_1_27' title="bbox 276 1677 1619 1744; baseline -0.001 -25"><span class='ocrx_word' id='word_1_181' title='bbox 276 1678 538 1733; x_wconf 79' lang='grc' dir='ltr'><strong><em>βασίλισσαν]</em></strong></span> <span class='ocrx_word' id='word_1_182' title='bbox 580 1677 680 1719; x_wconf 87' lang='lat' dir='ltr'><strong>MS.</strong></span> <span class='ocrx_word' id='word_1_183' title='bbox 717 1682 979 1744; x_wconf 43' lang='lat' dir='ltr'><strong>ssoc-oilsmoav.</strong></span> <span class='ocrx_word' id='word_1_184' title='bbox 1020 1693 1067 1718; x_wconf 87' lang='lat' dir='ltr'><strong>ea</strong></span> <span class='ocrx_word' id='word_1_185' title='bbox 1107 1678 1253 1734; x_wconf 83' lang='lat' dir='ltr'><strong>regina</strong></span> <span class='ocrx_word' id='word_1_186' title='bbox 1289 1677 1417 1718; x_wconf 80' lang='lat' dir='ltr'><strong>dabat</strong></span> <span class='ocrx_word' id='word_1_187' title='bbox 1449 1692 1619 1732; x_wconf 85' lang='lat' dir='ltr'><strong>operam</strong></span> 
     </span>
     <span class='ocr_line' id='line_1_28' title="bbox 166 1734 1619 1790; baseline -0.001 -16"><span class='ocrx_word' id='word_1_188' title='bbox 166 1736 293 1775; x_wconf 74' lang='lat' dir='ltr'><strong>sacris</strong></span> <span class='ocrx_word' id='word_1_189' title='bbox 339 1734 591 1790; x_wconf 86' lang='lat' dir='ltr'><strong>quibusdam</strong></span> <span class='ocrx_word' id='word_1_190' title='bbox 634 1735 797 1774; x_wconf 78' lang='lat' dir='ltr'><strong>arcanis</strong></span> <span class='ocrx_word' id='word_1_191' title='bbox 835 1750 890 1774; x_wconf 86' lang='lat' dir='ltr'><strong>ex</strong></span> <span class='ocrx_word' id='word_1_192' title='bbox 932 1735 1045 1790; x_wconf 84' lang='lat' dir='ltr'><strong>regia</strong></span> <span class='ocrx_word' id='word_1_193' title='bbox 1077 1749 1163 1788; x_wconf 87' lang='lat' dir='ltr'><strong>rep.</strong></span> <span class='ocrx_word' id='word_1_194' title='bbox 1195 1734 1452 1787; x_wconf 76' lang='lat' dir='ltr'><strong>observatis,</strong></span> <span class='ocrx_word' id='word_1_195' title='bbox 1493 1744 1540 1772; x_wconf 86' lang='lat' dir='ltr'><strong>ut</strong></span> <span class='ocrx_word' id='word_1_196' title='bbox 1565 1749 1619 1775; x_wconf 79' lang='lat' dir='ltr'><strong>ex</strong></span> 
     </span>
     <span class='ocr_line' id='line_1_29' title="bbox 167 1790 1618 1846; baseline 0 -14"><span class='ocrx_word' id='word_1_197' title='bbox 167 1793 376 1832; x_wconf 83' lang='lat' dir='ltr'><strong>Oratione</strong></span> <span class='ocrx_word' id='word_1_198' title='bbox 398 1793 611 1831; x_wconf 73' lang='lat' dir='ltr'><strong>Demosth.</strong></span> <span class='ocrx_word' id='word_1_199' title='bbox 648 1801 806 1831; x_wconf 88' lang='lat' dir='ltr'><strong>contra</strong></span> <span class='ocrx_word' id='word_1_200' title='bbox 817 1792 1020 1831; x_wconf 86' lang='lat' dir='ltr'><strong>Neaeram</strong></span> <span class='ocrx_word' id='word_1_201' title='bbox 1043 1792 1188 1846; x_wconf 78' lang='lat' dir='ltr'><strong>Sigon.</strong></span> <span class='ocrx_word' id='word_1_202' title='bbox 1216 1791 1314 1832; x_wconf 80' lang='lat' dir='ltr'><strong>libr.</strong></span> <span class='ocrx_word' id='word_1_203' title='bbox 1338 1805 1399 1833; x_wconf 70' lang='grc' dir='ltr'><strong><em>ιν.</em></strong></span> <span class='ocrx_word' id='word_1_204' title='bbox 1439 1790 1489 1832; x_wconf 87' lang='lat' dir='ltr'><strong>de</strong></span> <span class='ocrx_word' id='word_1_205' title='bbox 1509 1792 1618 1846; x_wconf 76' lang='lat' dir='ltr'><strong>Rep-</strong></span> 
     </span>
     <span class='ocr_line' id='line_1_30' title="bbox 167 1848 856 1903; baseline -0.001 -15"><span class='ocrx_word' id='word_1_206' title='bbox 167 1850 324 1890; x_wconf 77' lang='lat' dir='ltr'><strong>Atlzen.</strong></span> <span class='ocrx_word' id='word_1_207' title='bbox 347 1863 438 1903; x_wconf 85' lang='lat' dir='ltr'><strong>cap.</strong></span> <span class='ocrx_word' id='word_1_208' title='bbox 457 1851 536 1891; x_wconf 88' lang='lat' dir='ltr'><strong>ult.</strong></span> <span class='ocrx_word' id='word_1_209' title='bbox 561 1848 695 1889; x_wconf 89' lang='lat' dir='ltr'><strong>docet.</strong></span> <span class='ocrx_word' id='word_1_210' title='bbox 753 1854 856 1888; x_wconf 69' lang='lat' dir='ltr'><strong>quo.</strong></span> 
     </span>
    </p>

    <p class='ocr_par' dir='ltr' id='par_1_12' title="bbox 166 1957 1628 2582">
     <span class='ocr_line' id='line_1_31' title="bbox 278 1957 1620 2016; baseline -0.004 -12"><span class='ocrx_word' id='word_1_211' title='bbox 278 1960 354 2004; x_wconf 78' lang='grc' dir='ltr'><strong><em>ὅσα</em></strong></span> <span class='ocrx_word' id='word_1_212' title='bbox 376 1959 518 2005; x_wconf 85' lang='grc' dir='ltr'><strong><em>ποιεῖὅ</em></strong></span> <span class='ocrx_word' id='word_1_213' title='bbox 543 1962 706 2016; x_wconf 82' lang='grc' dir='ltr'><strong><em>πολέμ.]</em></strong></span> <span class='ocrx_word' id='word_1_214' title='bbox 740 1961 786 2002; x_wconf 92' lang='lat' dir='ltr'><strong>C.</strong></span> <span class='ocrx_word' id='word_1_215' title='bbox 811 1960 858 2003; x_wconf 93' lang='lat' dir='ltr'><strong>A.</strong></span> <span class='ocrx_word' id='word_1_216' title='bbox 881 1958 902 2003; x_wconf 83' lang='grc' dir='ltr'><em>ὅ</em></span> <span class='ocrx_word' id='word_1_217' title='bbox 925 1975 1011 2001; x_wconf 91' lang='lat' dir='ltr'><strong>non</strong></span> <span class='ocrx_word' id='word_1_218' title='bbox 1032 1960 1176 2003; x_wconf 81' lang='lat' dir='ltr'><strong>habet.</strong></span> <span class='ocrx_word' id='word_1_219' title='bbox 1215 1957 1420 2016; x_wconf 80' lang='grc' dir='ltr'><strong><em>Ἐνυαλίῳ</em></strong></span> <span class='ocrx_word' id='word_1_220' title='bbox 1440 1963 1620 2014; x_wconf 78' lang='lat' dir='ltr'><strong>Inter-pr.</strong></span> 
     </span>
     <span class='ocr_line' id='line_1_32' title="bbox 167 2016 1622 2073; baseline -0.001 -15"><span class='ocrx_word' id='word_1_221' title='bbox 167 2021 319 2060; x_wconf 82' lang='lat' dir='ltr'><strong>Marti.</strong></span> <span class='ocrx_word' id='word_1_222' title='bbox 367 2019 439 2058; x_wconf 87' lang='lat' dir='ltr'><strong>sed</strong></span> <span class='ocrx_word' id='word_1_223' title='bbox 478 2018 590 2060; x_wconf 89' lang='lat' dir='ltr'><strong>Sect.</strong></span> <span class='ocrx_word' id='word_1_224' title='bbox 627 2016 692 2060; x_wconf 83' lang='lat'><strong>28.</strong></span> <span class='ocrx_word' id='word_1_225' title='bbox 743 2018 1025 2073; x_wconf 72' lang='lat' dir='ltr'><strong>distinguitur</strong></span> <span class='ocrx_word' id='word_1_226' title='bbox 1052 2033 1073 2057; x_wconf 87' lang='lat' dir='ltr'><strong>a</strong></span> <span class='ocrx_word' id='word_1_227' title='bbox 1116 2021 1269 2058; x_wconf 80' lang='lat' dir='ltr'><strong>Marte.</strong></span> <span class='ocrx_word' id='word_1_228' title='bbox 1310 2017 1396 2061; x_wconf 83' lang='lat' dir='ltr'><strong>vid.</strong></span> <span class='ocrx_word' id='word_1_229' title='bbox 1425 2019 1544 2060; x_wconf 75' lang='lat' dir='ltr'><strong>Suid.</strong></span> <span class='ocrx_word' id='word_1_230' title='bbox 1576 2019 1622 2057; x_wconf 86' lang='lat' dir='ltr'><strong>in</strong></span> 
     </span>
     <span class='ocr_line' id='line_1_33' title="bbox 166 2073 1623 2130; baseline -0.002 -12"><span class='ocrx_word' id='word_1_231' title='bbox 166 2073 406 2124; x_wconf 79' lang='grc' dir='ltr'><strong><em>Ἐνυάλιος,</em></strong></span> <span class='ocrx_word' id='word_1_232' title='bbox 440 2085 481 2114; x_wconf 89' lang='lat' dir='ltr'><strong>et</strong></span> <span class='ocrx_word' id='word_1_233' title='bbox 509 2079 648 2128; x_wconf 85' lang='lat' dir='ltr'><strong>plures</strong></span> <span class='ocrx_word' id='word_1_234' title='bbox 676 2075 797 2116; x_wconf 83' lang='lat' dir='ltr'><strong>alios.</strong></span> <span class='ocrx_word' id='word_1_235' title='bbox 829 2090 979 2113; x_wconf 88' lang='lat' dir='ltr'><strong>munus</strong></span> <span class='ocrx_word' id='word_1_236' title='bbox 1003 2074 1110 2114; x_wconf 87' lang='lat' dir='ltr'><strong>illud</strong></span> <span class='ocrx_word' id='word_1_237' title='bbox 1132 2076 1325 2130; x_wconf 80' lang='grc' dir='ltr'><strong><em>λυκαμβὶς</em></strong></span> <span class='ocrx_word' id='word_1_238' title='bbox 1345 2073 1444 2130; x_wconf 70' lang='grc' dir='ltr'><strong>ἁρχὴ</strong></span> <span class='ocrx_word' id='word_1_239' title='bbox 1465 2075 1623 2115; x_wconf 79' lang='lat' dir='ltr'><strong>dicitur</strong></span> 
     </span>
     <span class='ocr_line' id='line_1_34' title="bbox 169 2131 1622 2186; baseline -0.002 -14"><span class='ocrx_word' id='word_1_240' title='bbox 169 2148 188 2172; x_wconf 80' lang='lat' dir='ltr'><strong>a</strong></span> <span class='ocrx_word' id='word_1_241' title='bbox 224 2133 396 2171; x_wconf 82' lang='lat' dir='ltr'><strong>Cratino</strong></span> <span class='ocrx_word' id='word_1_242' title='bbox 431 2131 607 2171; x_wconf 87' lang='lat' dir='ltr'><strong>Comico</strong></span> <span class='ocrx_word' id='word_1_243' title='bbox 640 2131 752 2185; x_wconf 87' lang='lat' dir='ltr'><strong>apud</strong></span> <span class='ocrx_word' id='word_1_244' title='bbox 796 2132 1076 2184; x_wconf 73' lang='lat' dir='ltr'><strong>Hesyclzium:</strong></span> <span class='ocrx_word' id='word_1_245' title='bbox 1121 2146 1286 2171; x_wconf 86' lang='lat' dir='ltr'><strong>causam</strong></span> <span class='ocrx_word' id='word_1_246' title='bbox 1319 2131 1622 2186; x_wconf 76' lang='lat' dir='ltr'><strong>appellationis</strong></span> 
     </span>
     <span class='ocr_line' id='line_1_35' title="bbox 168 2187 1622 2242; baseline -0.001 -14"><span class='ocrx_word' id='word_1_247' title='bbox 168 2188 328 2228; x_wconf 80' lang='lat' dir='ltr'><strong>invidit</strong></span> <span class='ocrx_word' id='word_1_248' title='bbox 357 2188 483 2227; x_wconf 89' lang='lat' dir='ltr'><strong>nobis</strong></span> <span class='ocrx_word' id='word_1_249' title='bbox 519 2187 705 2228; x_wconf 84' lang='lat' dir='ltr'><strong>eiusdem</strong></span> <span class='ocrx_word' id='word_1_250' title='bbox 737 2190 1003 2241; x_wconf 83' lang='lat' dir='ltr'><strong>compilator.</strong></span> <span class='ocrx_word' id='word_1_251' title='bbox 1036 2189 1243 2241; x_wconf 82' lang='lat' dir='ltr'><strong>suspicari</strong></span> <span class='ocrx_word' id='word_1_252' title='bbox 1279 2188 1433 2242; x_wconf 83' lang='lat' dir='ltr'><strong>aliquis</strong></span> <span class='ocrx_word' id='word_1_253' title='bbox 1464 2197 1622 2241; x_wconf 83' lang='lat' dir='ltr'><strong>posset,</strong></span> 
     </span>
     <span class='ocr_line' id='line_1_36' title="bbox 169 2244 1622 2298; baseline -0.001 -13"><span class='ocrx_word' id='word_1_254' title='bbox 169 2244 488 2286; x_wconf 86' lang='lat' dir='ltr'><strong>Polemarchum</strong></span> <span class='ocrx_word' id='word_1_255' title='bbox 522 2245 647 2283; x_wconf 88' lang='lat' dir='ltr'><strong>etiam</strong></span> <span class='ocrx_word' id='word_1_256' title='bbox 678 2245 853 2284; x_wconf 85' lang='lat' dir='ltr'><strong>inferias</strong></span> <span class='ocrx_word' id='word_1_257' title='bbox 888 2245 1053 2284; x_wconf 87' lang='lat' dir='ltr'><strong>misisse</strong></span> <span class='ocrx_word' id='word_1_258' title='bbox 1078 2248 1307 2298; x_wconf 79' lang='lat' dir='ltr'><strong>Erigonae,</strong></span> <span class='ocrx_word' id='word_1_259' title='bbox 1350 2246 1466 2283; x_wconf 76' lang='lat' dir='ltr'><strong>Icari</strong></span> <span class='ocrx_word' id='word_1_260' title='bbox 1492 2244 1622 2292; x_wconf 83' lang='lat' dir='ltr'><strong>filiae,</strong></span> 
     </span>
     <span class='ocr_line' id='line_1_37' title="bbox 170 2300 1625 2355; baseline -0.003 -13"><span class='ocrx_word' id='word_1_261' title='bbox 170 2303 290 2342; x_wconf 78' lang='lat' dir='ltr'><strong>cuius</strong></span> <span class='ocrx_word' id='word_1_262' title='bbox 322 2316 391 2340; x_wconf 86' lang='lat' dir='ltr'><strong>sus</strong></span> <span class='ocrx_word' id='word_1_263' title='bbox 399 2301 598 2355; x_wconf 87' lang='lat' dir='ltr'><strong>pendium</strong></span> <span class='ocrx_word' id='word_1_264' title='bbox 630 2302 690 2341; x_wconf 85' lang='lat' dir='ltr'><strong>rei</strong></span> <span class='ocrx_word' id='word_1_265' title='bbox 723 2302 918 2342; x_wconf 87' lang='lat' dir='ltr'><strong>colebant</strong></span> <span class='ocrx_word' id='word_1_266' title='bbox 950 2302 1233 2341; x_wconf 86' lang='lat' dir='ltr'><strong>Athenienses</strong></span> <span class='ocrx_word' id='word_1_267' title='bbox 1263 2301 1428 2341; x_wconf 88' lang='lat' dir='ltr'><strong>solenni</strong></span> <span class='ocrx_word' id='word_1_268' title='bbox 1458 2300 1625 2340; x_wconf 86' lang='lat' dir='ltr'><strong>festivi-</strong></span> 
     </span>
     <span class='ocr_line' id='line_1_38' title="bbox 170 2357 1626 2414; baseline -0.002 -16"><span class='ocrx_word' id='word_1_269' title='bbox 170 2369 273 2408; x_wconf 77' lang='lat' dir='ltr'><strong>tate</strong></span> <span class='ocrx_word' id='word_1_270' title='bbox 306 2373 428 2414; x_wconf 90' lang='lat' dir='ltr'><strong>quam</strong></span> <span class='ocrx_word' id='word_1_271' title='bbox 449 2357 613 2412; x_wconf 79' lang='grc' dir='ltr'><strong><em>αἰώραν,</em></strong></span> <span class='ocrx_word' id='word_1_272' title='bbox 639 2360 956 2409; x_wconf 79' lang='lat' dir='ltr'><strong>oscillationem,</strong></span> <span class='ocrx_word' id='word_1_273' title='bbox 978 2368 1202 2403; x_wconf 82' lang='lat' dir='ltr'><strong>vocarunt,</strong></span> <span class='ocrx_word' id='word_1_274' title='bbox 1218 2368 1259 2397; x_wconf 85' lang='lat' dir='ltr'><strong>et</strong></span> <span class='ocrx_word' id='word_1_275' title='bbox 1283 2358 1382 2411; x_wconf 87' lang='lat' dir='ltr'><strong>quia</strong></span> <span class='ocrx_word' id='word_1_276' title='bbox 1396 2357 1626 2410; x_wconf 77' lang='lat' dir='ltr'><strong>Lycambes</strong></span> 
     </span>
     <span class='ocr_line' id='line_1_39' title="bbox 170 2413 1625 2469; baseline -0.002 -14"><span class='ocrx_word' id='word_1_277' title='bbox 170 2416 221 2455; x_wconf 83' lang='lat' dir='ltr'><strong>ad</strong></span> <span class='ocrx_word' id='word_1_278' title='bbox 254 2419 452 2469; x_wconf 88' lang='lat' dir='ltr'><strong>laqueum</strong></span> <span class='ocrx_word' id='word_1_279' title='bbox 484 2416 723 2454; x_wconf 77' lang='lat' dir='ltr'><strong>Archilochi</strong></span> <span class='ocrx_word' id='word_1_280' title='bbox 765 2415 915 2454; x_wconf 88' lang='lat' dir='ltr'><strong>iambis</strong></span> <span class='ocrx_word' id='word_1_281' title='bbox 954 2414 1280 2454; x_wconf 85' lang='lat' dir='ltr'><strong>mordacissimis</strong></span> <span class='ocrx_word' id='word_1_282' title='bbox 1319 2413 1475 2452; x_wconf 85' lang='lat' dir='ltr'><strong>dicitur</strong></span> <span class='ocrx_word' id='word_1_283' title='bbox 1504 2428 1625 2453; x_wconf 89' lang='lat' dir='ltr'><strong>com-</strong></span> 
     </span>
     <span class='ocr_line' id='line_1_40' title="bbox 170 2464 1625 2527; baseline -0.001 -16"><span class='ocrx_word' id='word_1_284' title='bbox 170 2476 344 2527; x_wconf 85' lang='lat' dir='ltr'><strong>pulsus,</strong></span> <span class='ocrx_word' id='word_1_285' title='bbox 378 2473 488 2512; x_wconf 69' lang='lat' dir='ltr'><strong>forte</strong></span> <span class='ocrx_word' id='word_1_286' title='bbox 515 2464 710 2511; x_wconf 77' lang='lat' dir='ltr'><strong>Cratinus</strong></span> <span class='ocrx_word' id='word_1_287' title='bbox 739 2473 1026 2526; x_wconf 84' lang='lat' dir='ltr'><strong>magistratum</strong></span> <span class='ocrx_word' id='word_1_288' title='bbox 1054 2471 1317 2511; x_wconf 86' lang='lat' dir='ltr'><strong>Polemarchi</strong></span> <span class='ocrx_word' id='word_1_289' title='bbox 1345 2472 1505 2510; x_wconf 86' lang='lat' dir='ltr'><strong>comice</strong></span> <span class='ocrx_word' id='word_1_290' title='bbox 1532 2485 1625 2524; x_wconf 89' lang='lat' dir='ltr'><strong>per-</strong></span> 
     </span>
     <span class='ocr_line' id='line_1_41' title="bbox 171 2527 1628 2583; baseline 0 -16"><span class='ocrx_word' id='word_1_291' title='bbox 171 2530 381 2583; x_wconf 80' lang='lat' dir='ltr'><strong>strinoe1e</strong></span> <span class='ocrx_word' id='word_1_292' title='bbox 406 2544 432 2567; x_wconf 82' lang='lat' dir='ltr'><strong>v</strong></span> <span class='ocrx_word' id='word_1_293' title='bbox 441 2530 561 2575; x_wconf 75' lang='lat' dir='ltr'><strong>oluit,</strong></span> <span class='ocrx_word' id='word_1_294' title='bbox 594 2539 635 2568; x_wconf 86' lang='lat' dir='ltr'><strong>et</strong></span> <span class='ocrx_word' id='word_1_295' title='bbox 658 2544 749 2567; x_wconf 89' lang='lat' dir='ltr'><strong>cum</strong></span> <span class='ocrx_word' id='word_1_296' title='bbox 769 2527 1068 2581; x_wconf 85' lang='lat' dir='ltr'><strong>suspendiosae</strong></span> <span class='ocrx_word' id='word_1_297' title='bbox 1094 2530 1196 2579; x_wconf 74' lang='lat' dir='ltr'><strong>Erig</strong></span> <span class='ocrx_word' id='word_1_298' title='bbox 1181 2542 1300 2566; x_wconf 76' lang='lat' dir='ltr'><strong>ronae</strong></span> <span class='ocrx_word' id='word_1_299' title='bbox 1319 2528 1508 2566; x_wconf 89' lang='lat' dir='ltr'><strong>manibus</strong></span> <span class='ocrx_word' id='word_1_300' title='bbox 1530 2542 1628 2582; x_wconf 86' lang='lat' dir='ltr'><strong>pro-</strong></span> 
     </span>
    </p>
   </div>
   <div class='ocr_carea' id='block_1_8' title="bbox 173 2582 1624 2696">
    <p class='ocr_par' dir='ltr' id='par_1_13' title="bbox 173 2582 1624 2684">
     <span class='ocr_line' id='line_1_42' title="bbox 173 2582 1624 2641; baseline 0.001 -18"><span class='ocrx_word' id='word_1_301' title='bbox 173 2585 376 2624; x_wconf 83' lang='lat' dir='ltr'><strong>curandis</strong></span> <span class='ocrx_word' id='word_1_302' title='bbox 400 2597 630 2640; x_wconf 84' lang='lat' dir='ltr'><strong>occupatus</strong></span> <span class='ocrx_word' id='word_1_303' title='bbox 654 2596 784 2636; x_wconf 83' lang='lat' dir='ltr'><strong>esset,</strong></span> <span class='ocrx_word' id='word_1_304' title='bbox 817 2585 940 2637; x_wconf 82' lang='lat' dir='ltr'><strong>dixit,</strong></span> <span class='ocrx_word' id='word_1_305' title='bbox 972 2582 1099 2641; x_wconf 52' lang='lat' dir='ltr'><strong>‘imam&#39;</strong></span> <span class='ocrx_word' id='word_1_306' title='bbox 1123 2587 1363 2640; x_wconf 81' lang='grc' dir='ltr'><strong><em>λυκαμβίδα,</em></strong></span> <span class='ocrx_word' id='word_1_307' title='bbox 1395 2587 1624 2639; x_wconf 81' lang='lat' dir='ltr'><strong>magistra-</strong></span> 
     </span>
     <span class='ocr_line' id='line_1_43' title="bbox 174 2644 807 2696; baseline -0.002 -15"><span class='ocrx_word' id='word_1_308' title='bbox 174 2652 267 2681; x_wconf 79' lang='lat' dir='ltr'><strong>tum</strong></span> <span class='ocrx_word' id='word_1_309' title='bbox 288 2644 807 2696; x_wconf 71' lang='lat' dir='ltr'><strong>Lyoalnbaeu112.KunuN.</strong></span> 
     </span>
    </p>
   </div>
  </div>
 </body>
</html>
