1696 3028
675 97 778 142 vn.
838 103 904 145 11.
1426 70 1510 144 229

154 213 293 269 ἔντιμα
309 213 405 269 etc]
436 210 532 256 MS.
546 212 695 269 ἔντημα
715 213 779 257 ἐπὶ
801 217 950 271 πολλῷ,
980 213 1252 271 ἕπιτιμημὲνα,
1282 212 1350 257 καὶ
1379 211 1502 258 §mri-

42 287 182 315 τανται
202 281 285 314 etc.
316 277 420 315 Iuno.

153 329 220 372 ἐπὶ
237 332 347 373 wou-
367 326 469 383 τετ.]
500 328 591 370 MS.
612 327 926 383 ἓπιτετιμημὲνα.
956 333 1036 368 San.

153 384 326 440 ἄπρατα]
357 385 536 443 ἆπρασία
554 383 667 426 dixit
685 387 976 426 Demosthenes
999 385 1118 426 Orat.
1136 399 1170 438 1,
1201 393 1349 426 contra
1358 383 1497 439 Apho-

67 449 324 485 anxurus.

154 496 210 551 ὥς
232 497 350 556 ὅπᾳ]
380 499 434 541 11²
455 497 548 543 MS.
572 498 728 541 desunt
749 496 805 550 ὥς
825 498 919 557 ἅπρ.
938 497 1001 544 ἄν.
1024 495 1102 555 ὅμ.
1119 516 1164 543 π.
1183 499 1216 543 ἔ.
1244 504 1355 544 que·

150 612 262 658 xal‘
237 632 259 658 ο
281 613 351 669 μὲν
371 613 473 668 etc.]
503 614 557 655 In
577 613 625 657 C.
648 614 701 657 A.
733 625 797 656 est
825 613 977 655 titulus
1004 614 1095 670 περὶ
1124 611 1252 658 τόπου
1278 628 1499 670 πιπρασκο,

38 671 184 728 μένων.
211 678 359 714 Itum.

149 726 406 801 πωλητήριον
424 729 528 784 etc-J
561 729 609 770 C.
630 728 689 771 Α.’
703 745 939 785 πρατηριον.
965 737 1065 783 post
1086 743 1245 784 marga,
1274 730 1344 772 καὶ
1362 726 1495 772 κύκλοι

38 800 173 842 usque
192 786 244 827 ad
262 784 510 842 ἀνδράποδα.
570 787 735 827 Locum
765 785 920 826 huno
907 801 952 825 m
980 799 1060 825 suo
1094 786 1262 827 Lexico
1292 787 1496 826 transcri-

37 844 125 898 psit
140 844 330 884 ΡΙιανον.
353 857 476 899 quem
494 843 620 884 etiam
641 842 799 884 videas.
827 850 973 885 Kumm.

149 898 404 970 πωλητήριον
429 901 529 971 etm]
568 899 660 943 MS.
690 897 938 968 πολητήριον
969 900 1044 943 καὶ
1060 895 1297 969 πρατήριον.
1330 899 1496 946 omissis

38 975 92 1000 αν
109 963 197 1000 καλ.
218 968 261 1000 et
284 975 339 1008 ως
363 975 407 1000 π.
429 954 500 999 “Ἠ.
551 957 631 998 De
661 956 730 996 his
758 954 924 1007 κυκλοις
955 966 999 997 et
1027 957 1206 997 Suidas:
1238 955 1379 999 κύκλοι
1411 958 1496 1000 ἔκα-

35 1019 183 1058 λοῦντο
203 1017 246 1058 οἷ
270 1011 387 1058 τόποι
409 1015 450 1057 ἒν
474 1011 536 1064 οἷς
554 1014 781 1056 ἔπωλοῦντο
802 1015 917 1064 τινές.
943 1010 1244 1067 ὠνομάσθησαν
1264 1015 1306 1056 δὲ
1324 1011 1405 1057 ἆπὸ
1425 1018 1498 1057 τοῦ

35 1069 192 1125 κύκλῳ
189 1070 452 1128 περιεστάναι
472 1071 566 1120 τούς
582 1072 888 1125 πωλουμένους
947 1070 1253 1111 vendebantur
1283 1081 1422 1112 tamen
1454 1080 1495 1111 et

37 1130 121 1168 alia
140 1116 218 1181 i'bi,
252 1139 302 1168 ut
332 1132 463 1184 vulgo
491 1122 663 1167 additur
695 1127 793 1181 hier,
824 1138 867 1168 et
892 1126 1004 1168 infra
1031 1127 1176 1167 videas
1199 1143 1245 1174 x,
1284 1129 1346 1170 13.
1405 1129 1494 1168 Lo-

38 1200 111 1225 cus
139 1163 344 1228 Herodoti
365 1195 429 1226 est
450 1186 677 1239 Polymnia
698 1161 793 1241 cap:
815 1184 882 1228 25.
905 1194 948 1227 et
967 1199 1107 1241 supra,
1137 1185 1184 1225 ni
1202 1185 1346 1238 fallor,
1378 1183 1495 1225 indi-

37 1253 153 1288 catus
174 1259 248 1295 111,
286 1241 376 1285 126.
405 1248 508 1284 Iunc.

147 1295 397 1355 πρατήριον.]
429 1299 563 1354 Supra
587 1314 662 1349 111,
695 1297 786 1340 126
819 1305 900 1340 Snn.

148 1358 280 1409 ἔπιπρ.
305 1356 406 1411 ete.]
447 1357 528 1396 Pro
558 1357 694 1429 ἐπιπρ.
727 1356 825 1398 MS.
858 1355 988 1396 habet
1013 1353 1320 1410 πιπράσκονται.
1349 1364 1393 1398 et
1425 1354 1494 1397 de·

34 1421 135 1454 sunt
156 1413 202 1453 in
223 1412 314 1457 MS.
334 1429 435 1453 mox
455 1415 551 1462 ι’σως
568 1414 673 1456 κ.τᾶ
695 1422 776 1456 etc.
798 1416 1059 1468 μονοπωλίαν
1079 1428 1173 1454 cum
1195 1413 1358 1456 mediis.
1386 1420 1494 1453 Iuno.

145 1473 245 1520 ἴσως
258 1489 326 1514 και
342 1489 392 1513 τα
413 1471 470 1523 λ.]
502 1472 730 1511 Phanoria.
750 1471 908 1520 ἴσως-δὲ
924 1489 960 1515 κ.
990 1488 1024 1514 τ.
1055 1475 1087 1514 λ.
1117 1469 1190 1511 sed
1219 1485 1241 1509 a
1265 1469 1309 1511 C.
1330 1471 1387 1511 A.
1417 1469 1495 1510 ab-

33 1537 134 1567 sunt
151 1527 256 1569 haec
277 1542 411 1582 usque
438 1527 490 1566 ad
509 1530 776 1581 μονοπωλίαν.
806 1527 906 1568 dein
939 1529 1108 1580 titulus,
1138 1529 1230 1580 περὶ
1255 1545 1326 1570 του
1354 1529 1494 1583 προξε·

33 1589 208 1634 νοῦντος
226 1583 277 1626 de
291 1595 516 1638 proxeneta
541 1589 617 1640 qui
634 1595 674 1626 et
695 1587 902 1638 panarius
942 1586 1056 1627 inter
1078 1595 1285 1627 ementem
1318 1594 1362 1626 et
1388 1599 1495 1627 ven-

35 1640 218 1682 dentem.
249 1649 394 1682 Kumm.

147 1695 265 1752 ἐφ’
251 1698 276 1742 ο“
307 1700 348 1742 δὲ
379 1696 495 1752 ἇναβ.
529 1700 632 1753 etc.]
664 1700 734 1739 De
765 1698 1080 1740 consuetudine
1114 1697 1196 1738 ista
1218 1711 1361 1740 servos
1384 1711 1494 1740 ven-

37 1753 167 1795 dendi
191 1764 234 1796 et
253 1755 422 1797 emendi
443 1756 495 1796 de
514 1757 657 1810 lapide
669 1756 757 1797 vid.
771 1757 1014 1795 Brodaeum
1028 1770 1088 1797 vt.
1107 1756 1296 1797 Miscell.
1316 1756 1358 1797 5.
1387 1763 1494 1800 Imm.

147 1810 170 1854 ὁ
196 1812 237 1854 δὲ
264 1819 349 1862 τοῖς
373 1830 511 1866 πιρπρ.
543 1814 649 1867 etc]
681 1813 765 1853 Hic
794 1813 936 1869 pergit
960 1811 1061 1854 MS.
1090 1822 1237 1852 noster
1262 1822 1305 1852 et
1334 1827 1495 1854 novum

34 1867 194 1920 incipit
217 1879 358 1924 caput,
393 1870 565 1938 prolixo
587 1870 718 1910 titulo
741 1870 930 1925 praefixo
951 1870 1059 1910 isto.
1096 1871 1198 1920 Περὶ
1214 1874 1289 1912 τοῦ
1307 1867 1495 1939 ὖποπρο-

35 1928 257 1976 ξενοῦντος,
289 1927 356 1969 καὶ
375 1923 449 1968 τοῦ
468 1923 656 1982 δεύτερον
670 1926 925 1996 πιπράσκειν,
944 1944 1010 1969 και
1028 1931 1234 1970 τωντοῦτο
1253 1923 1496 1970 ποιούντων.

33 1983 126 2037 περὶ
138 2000 191 2024 τω
177 1980 490 2034 (scabendum
501 1987 594 2034 των)
617 1982 802 2039 δεύτερον
816 1985 1165 2055 πιπρασκομένων,
1178 1985 1247 2026 καὶ
1256 1989 1330 2027 τοῦ
1345 1980 1497 2028 αναδο-

34 2040 190 2088 θέντος.
210 2041 300 2089 περὶ
318 2058 388 2082 του
374 2040 442 2081 ἐκ
452 2038 928 2112 δημεύσεωςπραθέντος,
953 2042 1104 2084 καὶτοῦ
1114 2039 1192 2084 οὐν
1204 2039 1308 2098 α’λλῳ
1318 2043 1498 2097 πραθέν-

33 2094 571 2150 τος,καὶτοῦᾶνατιμᾶσθαι.
590 2095 990 2169 καὶπεριοῗλωνητων.
1015 2099 1198 2173 περὶτῶν
1211 2100 1497 2153 καταβαλλομε·

35 2171 132 2205 νων,
143 2152 242 2207 ὑπὲρ
252 2171 333 2196 των
343 2155 698 2207 πωλουμένων,και
705 2173 776 2198 του
763 2154 910 2199 πολλοὶ
922 2153 1172 2210 ὠνουμένου.
1185 2156 1271 2195 Ubi
1284 2155 1429 2196 nescio
1441 2171 1495 2195 an

35 2225 123 2250 non
143 2221 325 2251 erratum
347 2210 506 2251 sc1ibae
521 2208 672 2250 illud‘
645 2216 1032 2266 υποπροξενοῦντος,
1059 2222 1102 2254 et
1119 2213 1311 2268 quisquis
1324 2213 1493 2252 illorum

33 2270 276 2307 lemmatum
307 2277 455 2308 auctor
487 2277 651 2307 tantum
685 2273 978 2324 προξενοῦντος
1009 2270 1241 2323 scripserit.
1314 2269 1495 2323 Corrige

35 2323 134 2362 dein
154 2322 385 2378 ἆλωνήτων,
415 2333 457 2365 et
478 2323 570 2365 dele
592 2324 983 2380 interpunctionem
1007 2335 1105 2380 post
1122 2327 1493 2381 καταβαλλομένων.

34 2381 165 2420 Nunc
185 2381 238 2420 ad
266 2392 460 2421 nostrum
496 2390 745 2421 contextum
780 2386 1008 2438 vulgatum
1031 2393 1306 2424 revertamur.
1364 2383 1422 2422 Et
1442 2381 1494 2421 de

34 2436 282 2477 huiusmodi
310 2438 532 2478 hominum
564 2452 742 2492 genere,
789 2454 969 2494 quorum
1014 2454 1141 2493 opera
1179 2439 1411 2479 utebantur
1441 2436 1494 2478 ad

35 2494 330 2546 reperiendum
392 2505 623 2547 emptorem
672 2495 760 2535 vid.
811 2495 1149 2536 eruditissimum
1202 2495 1495 2537 casaubonum

38 2550 201 2591 Comm.
227 2549 280 2589 ad
317 2552 591 2606 Theophrasti
620 2549 816 2595 Charact.
848 2551 902 2592 ad
933 2567 1022 2607 cap
1056 2554 1146 2606 περὶ
1173 2548 1373 2606 ἀκαιρίας,
1404 2566 1493 2591 non

37 2609 190 2661 procul
215 2605 266 2646 ab
286 2607 431 2661 initio,
460 2608 536 2648 ubi
555 2623 579 2650 e
600 2606 777 2649 Polluce
801 2619 948 2651 nostro
976 2608 1286 2665 adpellationes
1318 2607 1393 2648 has
1421 2622 1491 2651 va·
