1664 3016
655 125 780 169 VIII.
841 131 933 171 103.
1442 134 1524 175 733

181 238 426 304 χάρωνεῖρν]
474 239 648 293 Hesyclc.
680 254 901 294 χαρωνιον·
950 240 1052 280 alias
1082 238 1278 295 χαρῶνεια
1305 239 1417 281 dicta
1450 241 1522 281 illa

71 294 310 348 chamani,
350 295 394 334 iu
432 290 679 336 ini‘mensum
708 311 815 349 quae
834 307 980 351 patent
998 297 1158 348 subito,
1189 313 1282 338 cum
1310 307 1418 338 terra
1437 298 1526 337 dis-

71 352 223 401 cessit,
255 352 373 391 motu
394 350 562 403 ingenti
592 366 820 402 concussa,
854 367 961 408 quae
986 354 1195 394 Romanis
1223 354 1464 407 Inserorum
1485 364 1526 394 et

70 408 194 447 Ditis
213 410 326 446 ostia
349 406 616 449 dicebantur.
648 409 723 448 vid
760 411 879 451 Suid.
906 411 951 448 in
979 409 1193 464 χαρώνειος
1210 411 1333 464 θύρα.
1377 418 1522 452 Kumm.

185 461 434 517 χαρῶνειον]
466 463 564 503 Vid.
583 466 770 507 LNicol.
790 482 864 506 111.
885 466 1146 535 Epiphi11.5.
1176 468 1368 507 meminit
1386 479 1427 507 et
1449 469 1527 507 Ca-

71 519 191 562 caub
213 530 357 560 noster
377 519 429 558 ad
460 521 659 573 leeoplzr.
681 522 874 565 Charact.
898 525 983 576 περὶ
1008 520 1224 576 οἷναισθησ.
1246 525 1377 564 fuisse
1395 526 1526 564 Athe-

73 579 142 616 nis
157 593 378 630 χαρωνειον
398 575 562 630 θύραν
551 592 594 615 ιιι
623 578 983 632 nomophylacio,
1023 579 1074 619 de
1098 594 1177 634 qun
1200 589 1242 621 et
1260 582 1463 621 Nostrum
1482 591 1527 621 et.

72 633 258 673 Graecos
277 633 681 688 paroemiographos
702 635 906 675 videndos
927 636 999 675 ait.
1056 642 1160 678 que.

181 689 428 744 χαρωνεῖον]
474 689 698 729 videndus
744 701 806 730 est
836 692 1011 731 omnino
1049 693 1244 732 Multae]
1270 694 1525 747 Apostolius,

70 747 330 801 meminique
351 744 466 801 apud
490 747 731 787 chcianum
750 747 914 801 legisse,
945 747 1020 787 ubi
1042 748 1152 788 haue
1170 751 1310 804 tangit
1332 765 1432 791 rem.

183 858 276 929 περὶ
297 859 583 930 ἐπιγραφέων.
593 859 613 912 ]
654 860 702 900 G.
732 860 782 899 A.
821 877 861 903 π.
901 861 1165 916 ἐπιγραφὲως.
1215 861 1313 901 dein
1355 862 1526 903 textus:

74 933 188 958 ουτοι
211 915 260 956 τὰ
289 912 324 958 (i.
362 915 430 968 ἐφ’
455 914 624 959 ἑκάστου
655 926 697 956 et
715 917 882 974 ἑκάστῳ.
921 927 1097 988 utraque
1116 918 1227 958 enim
1248 917 1365 957 adest
1382 920 1526 959 lectio.

73 971 120 1014 C.
149 972 200 1014 V
229 974 326 1012 loco
357 972 503 1023 tituli,
530 970 822 1029 Ἐπιγραφεῖς,
857 982 957 1028 post
983 991 1098 1017 ουτοι
1125 984 1206 1015 etc.
1248 984 1291 1014 et
1317 989 1432 1028 mox,
1458 972 1527 1029 ἐφ’

70 1027 252 1072 ἑκάστου.
309 1035 458 1071 Kumm.

183 1085 276 1138 περὶ
293 1084 592 1141 ἐπιγραφέων]
624 1085 797 1125 Titulus
830 1086 923 1129 MS.
951 1082 1228 1145 Ἐπιγραφῆς,
1257 1085 1371 1127 vitio
1402 1087 1530 1127 nimi-

73 1156 166 1182 rum
190 1155 277 1181 non
298 1155 407 1192 raro,
437 1159 463 1207 ⁹]
486 1156 563 1197 pro
586 1159 632 1184 ει.
675 1152 717 1182 et
734 1142 875 1211 ipsum
895 1153 1044 1183 tmema
1075 1144 1124 1183 ab
1150 1145 1260 1187 οὗτοι
1278 1144 1448 1197 incipit,
1487 1156 1531 1185 et

73 1199 134 1238 ita
155 1196 335 1268 quidem
342 1200 539 1239 auctius:
573 1199 688 1241 οὑτοι
700 1217 746 1240 τα
766 1195 841 1251 α’φτ
847 1196 1044 1253 ιλὸμενα’
1026 1198 1086 1253 εφ’
1108 1198 1277 1244 ἑκάστου
1293 1200 1447 1270 ἑκάστῳ
1465 1202 1528 1243 ἔτι.

74 1268 164 1294 nou
189 1253 296 1294 bene
313 1251 572 1307 ἄφειλόμενα.
630 1258 940 1308 ,Ηανροοναίἱοξ
963 1256 1090 1312 Ἐπιγ
1093 1259 1268 1312 ραφέας·
1297 1275 1389 1306 τους
1407 1266 1531 1300 καθε-

75 1306 266 1365 στηκότας
288 1311 350 1353 ἐπὶ
369 1315 443 1354 τοῦ
458 1311 707 1366 ἐπιγράφειν,
740 1311 969 1383 (γράφειν
951 1313 1098 1366 εκάστῳ
1112 1325 1296 1367 epltome
1306 1313 1397 1355 MS
1405 1312 1455 1363 )‘
1434 1314 1531 1358 οπό-

73 1381 148 1411 σον
165 1366 399 1421 ὀφείλουσιν
419 1370 616 1423 εἰσφέρειν
646 1372 702 1418 εἰς
721 1367 764 1411 τὸ
785 1368 991 1423 δημόσιον.
1030 1369 1140 1411 bene
1165 1386 1265 1411 vero
1287 1369 1400 1423 quod
1422 1386 1531 1425 sup-

73 1427 164 1479 plet
184 1426 392 1476 voculam,
428 1424 781 1495 quemadmodum
801 1436 844 1465 et
863 1427 1002 1466 Seberi
1024 1426 1118 1468 MS.
1180 1427 1425 1469 scribamus
1447 1429 1531 1467 ita-

76 1495 182 1535 que·
215 1477 456 1534 ὀφειλόμενα
475 1478 546 1534 ἐφ’
569 1480 737 1525 ἑκάστου
763 1481 936 1535 ἑκάστῳ·
975 1498 1118 1536 nempe
1135 1486 1368 1523 aestimatis
1389 1487 1531 1524 cuius-

74 1553 150 1591 que
167 1537 296 1590 bonis,
318 1547 524 1590 quantum
541 1541 707 1605 cuique.
712 1540 864 1578 tributi
882 1541 1043 1579 nomine
1060 1541 1318 1591 pendendam
1333 1551 1450 1585 esset.
1465 1545 1531 1580 in·

76 1593 332 1633 scribebant
322 1594 406 1645 nti,
418 1605 464 1633 ut
475 1596 676 1648 Sigonius
694 1595 997 1661 interpretatur
1017 1596 1091 1637 lib.
1107 1612 1166 1638 ιν.
1187 1596 1238 1638 de
1249 1597 1357 1652 Rep
1375 1599 1529 1638 Athen.

77 1665 115 1693 c.
136 1650 175 1694 5,
192 1650 267 1689 ubi
284 1650 336 1690 de
358 1629 424 1690 hi’s
447 1652 718 1722 epigrapheis
744 1653 845 1706 agit.
902 1659 1018 1697 que

189 1705 262 1760 ἐφ’
288 1704 460 1776 ἑκάστῳ]
490 1709 583 1751 lVIS.
606 1706 678 1761 ἐφ’
697 1708 865 1751 ἑκάστου
878 1708 1052 1775 ἑκάστῳ.
1111 1715 1192 1750 San.

188 1761 262 1816 ἐφ’
284 1751 466 1818 ἑκάστῳ]
499 1764 698 1804 Ducibus
727 1765 856 1808 MSS.
876 1766 919 1805 in
944 1777 1107 1806 textum
1143 1766 1306 1806 inserui
1335 1770 1529 1807 voculam

76 1815 272 1871 ἑκάστου,
310 1835 433 1872 quam
461 1821 498 1859 si
524 1821 761 1874 addideris,
799 1824 1059 1862 luculentior
1085 1822 1263 1878 emergit
1292 1838 1339 1863 ac
1359 1825 1531 1894 plenior

77 1890 238 1919 sensus.
295 1877 405 1916 De'
388 1883 651 1933 επιγραφεῦσι
681 1893 779 1919 vero
802 1879 962 1919 adiicio
983 1881 1221 1933 Etymologi
1247 1880 1398 1921 verba.
1421 1877 1530 1922 ’·Επι

78 1938 248 1990 γραφεῖς
266 1935 308 1976 οἱ
323 1932 371 1975 τά
392 1935 564 1988 δημόσια
589 1933 902 1990 διαγράφοντες,
926 1934 972 2004 ἠ
1001 1940 1043 1980 οἵ
1059 1935 1258 1991 ὁρίζοντες
1277 1938 1342 1979 καὶ
1365 1937 1534 1993 ἐπιγρά-

79 2007 223 2043 φοντες
246 1988 316 2040 τὰς
351 1989 544 2045 εἰσφοράς
577 1991 748 2049 ἑκάστῳ·
798 1990 1035 2048 ἐπιγράφειν
1065 2008 1164 2034 vero
1193 1995 1237 2032 in
1265 1994 1356 2034 iure
1383 1995 1531 2033 Attico

79 2047 286 2086 convenit
325 2049 450 2100 plane
489 2062 582 2087 cum
630 2038 761 2089 verbo
807 2051 1047 2098 inscribere,
1095 2050 1211 2106 quod
1250 2050 1444 2090 eiusdem
1486 2052 1532 2089 in

78 2104 175 2142 foro
202 2103 400 2143 Romano
439 2114 502 2143 est
537 2104 743 2146 notionis.
780 2120 910 2159 porro
943 2106 994 2148 de
1025 2106 1092 2146 his
1122 2109 1383 2164 ἐπιγραφεῦσι
1418 2107 1533 2147 dixit

80 2159 286 2215 quaedam
304 2158 354 2198 ad
378 2162 764 2213 Harpocrationem
778 2164 1047 2206 Maussacus.

193 2217 457 2290 ἐπιγραφεῖς]
488 2218 647 2258 Iterum
671 2218 871 2260 mendose
888 2221 984 2263 MS.
1007 2222 1244 2274 ἐπιγραφῆς.
1302 2227 1409 2260 que.

192 2274 279 2327 περὶ
310 2272 533 2341 κήρυκος.]
579 2273 626 2316 C.
660 2275 709 2318 V.
740 2278 838 2315 loco
861 2275 982 2316 tituli
1016 2277 1169 2318 iterum
1197 2286 1271 2329 est,
1303 2276 1454 2333 Κήρυξ,
1491 2287 1534 2318 et

81 2331 289 2385 sequitur,
323 2327 345 2372 ὁ
368 2331 438 2383 μέν
462 2347 569 2379 τιςτ
591 2348 630 2384 μ.
656 2341 736 2372 etc.
795 2339 944 2376 Kumm,

192 2388 283 2442 περὶ
301 2385 490 2440 κήρυκος.
502 2387 516 2440 ]
548 2387 598 2426 Ιιι
625 2388 765 2427 titulis
796 2388 856 2429 ita
878 2390 1018 2444 pergit
1045 2397 1191 2429 noster
1219 2388 1311 2430 MS.
1343 2399 1384 2429 et
1405 2389 1534 2430 habet

84 2440 226 2498 Κήρυξ
249 2458 325 2497 pro
357 2444 510 2494 titulo,
543 2453 693 2483 tmema
718 2445 856 2498 ipsum
879 2446 1118 2499 incipiunt,
1151 2463 1170 2488 ο
1189 2446 1258 2498 μέν
1279 2456 1359 2485 etc.
1418 2452 1531 2489 Imm.

195 2501 348 2553 κῆρυξ]
380 2502 415 2539 Α
436 2501 579 2552 Ceryce
592 2500 681 2539 filio
695 2503 902 2541 Mercurii
921 2512 962 2542 et
978 2503 1186 2542 Pandrosi
1198 2501 1311 2541 filiae
1332 2503 1533 2555 Cecropis.

88 2555 208 2596 Ouid.
233 2557 412 2597 Metam.
435 2573 486 2607 11,
513 2556 604 2597 560.
629 2558 873 2598 Pandrosos
893 2569 1020 2612 atque
1041 2560 1181 2599 Ilerse.
1240 2563 1323 2597 Seu.

195 2613 348 2668 κῆρυξ]
388 2613 674 2666 Harpocratio
706 2614 752 2655 in
781 2614 984 2673 Κήρυκες.
1034 2624 1075 2655 et
1101 2615 1284 2668 Hesych.
1315 2615 1361 2655 in
1386 2614 1532 2657 eadem
