1664 3016
694 90 820 132 v111.
874 93 943 138 35.
1453 93 1536 145 633

81 219 194 258 eunt
205 215 346 254 veram
373 213 419 245 et
444 205 698 246 concinnam
733 204 779 244 iu
803 204 991 259 pelorem
1017 206 1146 262 longe
1164 213 1213 246 et
1225 204 1413 259 ineptam
1437 217 1538 242 mu-

82 271 205 308 tarot·
241 262 305 305 sic
315 271 437 303 certe
453 265 591 302 solent
611 261 695 301 hoc
725 261 947 301 hominum
974 277 1130 317 genus,
1160 276 1266 328 quo·
1267 261 1381 301 nihil
1399 271 1463 300 est
1483 258 1538 299 ad

81 318 411 373 corrumpendos
433 317 569 359 bonos
590 327 787 359 auctores
806 317 1027 367 audacius,
1058 319 1117 359 ita
1151 318 1294 359 omnia
1324 318 1534 366 involant,

79 377 311 430 praecipue
330 376 370 415 si
388 374 493 429 quid
521 375 831 415 Grammaticae
862 376 1082 416 accesserit
1107 375 1313 430 peritiae,
1346 385 1436 415 tum
1457 370 1539 413 de-

80 447 208 473 ιιιιιιιι
227 432 293 472 nil
321 431 407 472 sibi
447 446 533 479 ιιοιι
573 432 704 472 licere
741 433 997 485 opinantur,
1035 446 1084 472 ac
1115 446 1190 486 per
1216 431 1296 472 hos
1328 441 1393 473 est
1420 428 1537 484 quod

81 489 257 530 mutilos
297 502 499 544 cogamur
543 503 592 528 ac
638 488 864 528 mendosos
898 490 1040 544 legere
1085 490 1314 541 scriptores
1360 499 1536 528 veteres.

80 544 226 587 Miror
259 545 407 599 itaque
445 546 685 586 Kuehnium
722 556 912 584 nostrum
955 545 1147 586 laborare
1184 545 1229 584 in
1272 542 1535 600 adsignando

80 600 202 649 hisce
219 601 359 644 verbis
371 601 487 642 bono
503 616 648 651 sensu,
678 616 771 641 cum
802 602 1012 641 contraria
1041 605 1168 656 plane
1185 601 1331 641 dicant
1346 613 1390 642 et
1412 612 1538 641 vete-

80 673 172 698 rum
201 658 460 700 testimoniis
494 669 537 699 et
568 659 705 712 ipsius
732 657 915 698 actionis
940 668 1136 708 naturae,
1173 658 1387 712 siquidem
1421 658 1536 697 actio

81 714 396 756 confirmandae
431 715 699 756 venditionis
743 729 831 755 non
875 714 1141 769 competebat
1179 715 1226 754 in
1265 713 1538 755 venditorem

82 771 246 826 11ἱείμή
266 772 529 828 βεβαιοῦντα·
574 772 711 843 prius
722 772 871 840 itaque
897 785 1026 841 quam
1047 771 1103 810 lis
1130 769 1348 812 venditori
1368 780 1539 825 poterat

83 826 276 881 intendi,
324 828 417 869 fieri
453 828 602 869 debuit
630 825 656 882 ἦ
686 825 872 884 ἆναγωγη
902 831 973 870 τοῦ
1001 825 1351 894 ἀμφισβητοῦντος
1378 829 1441 870 ἐπὶ
1466 826 1539 870 τὸν

80 889 279 941 πρατῆρα,
305 900 379 926 seu
398 885 718 954 repraesentari,
750 886 837 940 qui
845 884 1174 925 controversiam
1198 885 1407 937 movebat,
1429 899 1539 926 ven-

82 939 228 1003 (litori.
259 952 325 984 est
344 942 490 999 itaque
510 937 663 982 illud'
639 940 784 999 απᾶγει
804 950 884 982 ete.
913 939 1028 981 haud
1047 940 1183 982 bonae
1201 950 1344 982 notae.

194 1054 307 1126 παρὰ
333 1059 408 1099 τοῦ
445 1055 852 1110 συκοφαντήσαντας]
900 1055 983 1096 Pro
1029 1051 1415 1110 συκοφαντήσαντος
1451 1058 1534 1113 leg.

84 1111 219 1156 Salm.
240 1109 339 1155 αὗτό
357 1111 597 1166 ποᾶσαντος.
652 1120 797 1153 Kumm.

172 1186 305 1240 παρα
325 1175 401 1213 τοῦ
425 1169 840 1225 συκοφαντήσαντας]
884 1168 945 1210 C'l.
971 1168 1183 1209 salmasio
1213 1168 1366 1225 refingi
1398 1172 1540 1223 placet

85 1223 184 1269 αὖτό
209 1224 463 1279 πράσαντος,
513 1237 555 1266 et
589 1227 651 1268 ita
695 1241 863 1283 quoque
901 1225 1018 1265 hunc
1049 1229 1191 1266 locum
1217 1227 1304 1281 legi
1336 1226 1456 1267 iubet
1488 1226 1540 1267 de

84 1281 219 1325 Modo
239 1283 473 1323 Usurarum
513 1298 609 1340 pag.
642 1298 738 1340 729.
789 1284 999 1324 retinetur
1031 1282 1082 1322 ab
1112 1283 1209 1322 aliis
1242 1297 1291 1322 ac
1318 1283 1539 1323 commoda

83 1338 257 1380 iuvatur
291 1340 565 1394 expositione
594 1344 767 1396 vulgata
795 1339 940 1380 lectio.
1005 1340 1070 1379 vit
1101 1339 1415 1380 eruditissimus
1447 1341 1538 1383 Iac.

82 1397 344 1437 Maus-vacus
371 1396 422 1436 ad
442 1399 822 1450 Harpa-rationem
850 1410 946 1451 pag.
974 1396 1063 1439 156.
1092 1396 1245 1450 positis
1265 1395 1334 1436 his
1353 1396 1541 1436 Pollucis

85 1453 222 1492 nostri
262 1453 405 1494 verbis
438 1453 641 1495 subiicit:
690 1469 797 1507 quae
834 1453 1055 1505 referenda
1084 1461 1184 1492 sunt
1217 1453 1277 1491 ad
1311 1454 1542 1493 venditores·

71 1509 283 1562 fallaces.
346 1525 369 1550 a
412 1523 497 1565 qno
529 1525 615 1550 non
646 1510 811 1550 abludit
838 1509 1058 1549 Kuehniue
1082 1520 1248 1559 noster,
1298 1510 1375 1564 qui
1413 1509 1541 1551 etiam

85 1567 295 1634 apertius.
335 1567 408 1621 qai
432 1582 506 1620 per
529 1569 849 1621 sycophantiam
880 1566 1127 1605 vendiderat
1154 1581 1239 1605 rem
1255 1568 1463 1606 alienam.-
1493 1576 1543 1606 ut

85 1637 124 1663 e.
154 1637 194 1678 g.
222 1625 405 1680 pignus,
456 1623 724 1678 depositum,
773 1624 931 1664 aliasve
971 1638 1036 1664 res
1068 1623 1221 1678 quovis
1253 1622 1381 1663 modo
1419 1623 1541 1663 alteri

87 1678 321 1723 obnoxias·
352 1695 493 1736 neque
522 1696 623 1722 vero
652 1681 702 1721 ab
731 1680 812 1721 hac
842 1680 1121 1732 expositione
1140 1681 1271 1734 ipsus
1276 1679 1539 1731 abhorream,

87 1734 298 1791 siquidem
318 1744 585 1791 συκοφαντεῖν
610 1737 800 1791 dicatur,
830 1740 903 1791 qui
926 1736 1120 1785 subdole,
1152 1738 1294 1776 dolove
1317 1739 1429 1776 malo
1452 1738 1543 1776 ala·-

88 1791 194 1845 quid
214 1797 332 1846 agit.-
374 1806 417 1835 at
445 1808 548 1835 vero
576 1795 718 1836 mendi
745 1794 1047 1863 suspicionem
1061 1804 1189 1849 auget
1212 1794 1544 1846 falckenburgii

89 1846 260 1902 Codex3
293 1850 339 1890 in
371 1866 423 1892 eo
452 1851 566 1891 enim
606 1861 670 1892 est
702 1867 777 1906 pro
808 1849 1215 1904 συκοφαντήσαντας,
1254 1849 1540 1905 συστήσαντος,

89 1905 206 1959 quod
225 1921 310 1947 non
332 1917 487 1948 temere
505 1922 583 1948 nec
605 1909 754 1948 merito
774 1923 866 1949 meo
889 1906 1058 1961 quidem
1084 1907 1250 1948 iudicio
1272 1919 1541 1948 contemnas:

88 1971 139 2002 tu
162 1977 285 2014 vero,
328 1966 464 2004 lector
505 1964 689 2016 erudite,
729 1964 997 2005 arbitrabere.
1063 1966 1134 2004 De
1162 1960 1413 2020 βεβαιώσεως
1442 1979 1542 2005 vero

88 2019 178 2072 δίκῃ
210 2034 336 2073 porro
369 2019 578 2061 videndus
609 2021 688 2061 tibi
709 2032 773 2063 est
800 2023 871 2063 vir
898 2022 1091 2075 prolixae
1115 2022 1317 2062 lectionis
1335 2024 1544 2061 Mearsius

89 2075 222 2116 Attic.
266 2078 383 2118 Lect.
422 2075 594 2118 lib.v1.
633 2093 668 2119 c.
701 2091 767 2133 70.
802 2078 878 2120 ubi
909 2081 1292 2131 Harpocrationem
1332 2078 1542 2129 emendat,

89 2147 293 2187 eumque,
324 2132 399 2173 sed
431 2134 700 2174 innominato
733 2146 929 2187 auctore,
960 2145 1132 2176 secutus
1157 2145 1220 2177 est
1252 2135 1429 2176 laudato
1459 2136 1542 2175 iam

88 2192 188 2231 loco
210 2192 466 2232 Salmasius.

207 2242 453 2291 ἆποστασίου
479 2246 523 2289 δὲ
548 2250 583 2290 δ.
595 2247 616 2300 ]
645 2247 715 2288 De
747 2245 993 2293 ἆποστασίου
1025 2249 1141 2307 δίκῃ,
1180 2259 1223 2290 et
1255 2244 1543 2315 ἀπροστασίου,

92 2312 137 2344 et
161 2306 379 2357 μετοίκοις,
409 2303 650 2358 vid.p1ura
679 2304 725 2343 in
749 2307 808 2348 H
830 2307 1037 2360 Stephani
1057 2307 1263 2362 Dialogo,
1297 2306 1372 2359 qui
1394 2305 1545 2343 inscri-

91 2370 191 2414 ptus
213 2361 264 2401 ab
283 2375 334 2402 eo
362 2360 620 2400 Dicaearchi
629 2372 894 2414 sympractor,
923 2367 991 2405 vel
1008 2365 1058 2404 de
1079 2361 1330 2402 Graecorum
1345 2361 1543 2408 moribus,

88 2420 421 2495 praesertimque·o
428 2418 743 2457 Atheniensium
764 2417 1098 2472 supplementum.
1143 2416 1340 2460 Breviter
1360 2416 1410 2458 de
1431 2427 1545 2457 utra·

93 2486 176 2528 que
197 2474 399 2514 actione
397 2475 592 2529 ισοηιιις
613 2473 688 2516 hb
715 2490 786 2517 ιιι
808 2474 859 2516 de
883 2477 990 2531 Rep.
1014 2478 1169 2516 Athen.
1186 2491 1221 2515 c.
1250 2489 1285 2517 1.
1341 2480 1451 2517 Iunc.

205 2525 452 2573 ἆποστασίου
473 2532 513 2573 δὲ
534 2535 569 2573 ὅ.
580 2532 598 2584 ]
633 2532 700 2570 De
722 2530 799 2570 hae
819 2535 1101 2597 sequentique
1121 2532 1305 2580 actione,
1334 2530 1545 2584 pluribus-

94 2601 174 2642 que
202 2601 308 2641 quae
338 2587 420 2627 boc
448 2588 588 2642 capite
619 2598 846 2628 occurrunt
874 2590 990 2642 aliis,
1042 2589 1212 2629 disserit
1239 2588 1423 2628 breviter
1448 2590 1543 2629 loa·
