1664 3016
734 93 855 135 VIII.
915 99 1010 141 116.
1499 99 1583 142 775

125 217 235 263 qnos
253 206 345 248 vidi
366 221 528 256 omnes,
557 206 684 249 etiam
709 208 880 250 Suidas.
931 208 1132 250 Lubebat
1150 218 1291 252 tamen
1311 218 1356 251 et
1372 208 1481 252 illud
1501 225 1581 266 pu·

123 273 227 306 tare.
283 265 417 305 Iunc.

233 331 443 388 πυρφόρος
458 333 557 381 παῖς
582 330 764 387 donate]
803 331 1152 385 ἔκκαθαρευούοης
1176 335 1338 385 κακίας,
1367 336 1579 392 sequeba-

120 397 196 429 tnr
210 392 366 444 vulgoe
396 403 475 429 nos
502 387 608 428 haec
630 391 773 428 omnia
794 389 917 431 fidem
938 391 1065 430 MSS.
1099 401 1143 431 et
1165 391 1349 431 Kuelmii
1368 406 1577 447 praeeun-

122 446 180 486 tis
199 444 381 500 vestigia
403 445 576 499 sequuti
596 445 881 486 emendatiora
901 448 1094 489 fecimus,
1126 446 1361 501 Πυρφόρου
1378 449 1576 491 meminit

122 514 296 556 qnoque
329 501 484 540 Noster
510 500 587 543 lib.
615 501 651 545 I.
680 516 770 556 cap.
805 517 839 543 1.
871 503 985 544 inter
1014 501 1064 547 ταὶ
1081 501 1163 546 wir
1181 502 1306 554 θεοὺς
1324 505 1574 560 θεραπευόν·

117 574 201 601 των
225 553 434 612 ὅνόματας
473 567 516 599 et
550 568 663 598 recte
691 558 952 600 Scholia-sees
978 560 1032 600 ad
1059 562 1325 601 Nazianzeni
1350 562 1482 604 stelit.
1512 563 1573 607 ΙΙ,

117 629 217 671 pag.
247 627 316 671 92·
342 611 581 669 πυρφόρους
597 617 700 668 φησὶ
716 615 813 667 τούς
828 617 957 672 ἱερέας
976 614 1068 666 τούς
1085 614 1309 670 ἐπιβώμιον
1330 619 1413 675 πῦρ
1443 613 1574 662 drein-

116 688 271 720 τοντας.
344 671 539 725 Gregorii
566 671 694 711 verba
715 683 816 712 sunt
841 672 967 713 haec:
993 671 1107 717 οὐδὲν
1129 672 1276 716 ἐκώλυε
1292 676 1394 729 μηδὲ
1411 672 1572 730 πυρφό-

115 745 200 783 ρον,
231 727 256 771 ὃ
282 725 335 779 dn*
361 729 481 780 φασὶ,
512 728 815 783 ὑπολειφθῆναι
839 730 900 785 τῷ
927 730 1098 786 στρατῷ.
1157 729 1294 784 Quam
1314 732 1571 785 paroemiam

119 786 179 825 ita
201 785 384 840 exponit
398 785 679 835 Scholia-stes,
711 795 760 825 ut
787 800 841 827 ne
860 785 1031 841 quidem
1050 785 1309 827 sacerdotem
1323 819 1336 840 ,
1368 787 1438 827 cui
1461 788 1569 828 alias

115 842 346 897 religionis
374 842 470 882 iure
499 842 707 896 parcituri
739 853 860 883 erant
890 841 1058 892 hostes,
1087 843 1280 882 relictum
1310 842 1503 885 indicare
1523 844 1569 884 id

115 898 388 953 proverbium
408 899 527 938 velit.
568 897 644 938 alii
666 908 804 939 tamen
825 898 949 939 aliter
967 908 1010 940 et
1023 900 1172 939 forsan
1197 899 1349 939 melius
1371 914 1393 940 a
1413 900 1570 940 milita-

114 955 234 994 ribus
250 953 501 1009 πυρφόροις,
530 955 606 1009 qui
637 954 689 994 ab
716 955 786 994 his
814 955 943 994 sacris
975 958 1102 1010 plane
1123 954 1297 1006 diversi,
1326 957 1568 1009 paroemias

114 1021 266 1066 petunt
287 1012 524 1066 originem:
555 1010 655 1050 vide
679 1010 1003 1066 proverbiorum
1025 1013 1294 1062 collectores,
1324 1022 1369 1052 et
1387 1014 1567 1065 Euripi-

113 1068 181 1107 dis
198 1069 377 1107 Scholia
405 1067 458 1107 ad
486 1068 769 1110 Phoenissas.-
818 1067 880 1107 Hi
901 1066 1015 1121 apud
1037 1066 1299 1107 Macedonas
1321 1070 1444 1121 pueri
1465 1087 1565 1124 ⁷1⁰9·

112 1123 234 1179 φόροι
257 1139 312 1165 cx
342 1124 635 1164 Nobilissimis
665 1134 809 1166 erant:
838 1132 1003 1163 vetusto
1031 1123 1309 1163 Macedoniae
1337 1140 1457 1174 more,
1489 1126 1567 1165 in·-

114 1182 223 1235 quit,
257 1181 458 1221 Valerius
478 1182 697 1220 Maximus
714 1180 791 1220 lib.
819 1180 902 1220 III.
936 1195 1026 1234 cap.
1057 1179 1096 1220 5.
1128 1184 1221 1233 regi
1239 1182 1480 1221 Alexandro
1495 1198 1565 1222 no·

112 1239 315 1278 bilissimi
329 1239 452 1290 pueri
471 1246 635 1289 praesto
662 1246 785 1276 erant
803 1238 1068 1287 sacrificanti
1079 1265 1091 1283 ,
1122 1251 1143 1275 e
1164 1237 1315 1288 quibas
1335 1252 1444 1277 unus
1462 1239 1565 1278 thu-

111 1293 247 1334 ribulo
270 1302 437 1346 arrepto
468 1302 566 1332 ante
586 1296 722 1347 ipsum
738 1296 886 1333 astitit
896 1309 913 1343 ,-
942 1296 990 1332 in
1015 1296 1136 1333 cuius
1155 1293 1328 1332 brachio
1347 1294 1469 1334 cat-bo
1484 1309 1563 1335 ar-

111 1352 212 1391 dens
242 1351 440 1403 delapsus
468 1359 546 1391 est.
600 1349 905 1404 Καθαρεύουσα
935 1364 1029 1388 vero
1056 1351 1191 1402 οἰκία,
1221 1365 1328 1403 quae
1355 1354 1470 1390 omni
1498 1361 1561 1392 est

98 1410 283 1463 flagitio
301 1422 354 1446 ac
367 1408 544 1458 piaculo
569 1407 721 1458 libera,
754 1407 799 1447 in
822 1421 906 1463 qua
927 1420 1016 1446 non
1036 1415 1101 1446 est
1128 1405 1365 1460 homicida,
1396 1408 1559 1450 aliusve

108 1465 238 1506 homo
257 1460 414 1518 ἐναγής.
530 1512 535 1516 ,

219 1542 536 1599 ὕποχλαμυδῖῳ]
576 1542 624 1582 C.
653 1542 705 1585 V.
731 1541 967 1598 ὕποχλανῖδι
995 1543 1063 1585 καὶ
1091 1542 1290 1596 οτροφῖῳ·
1318 1545 1455 1598 χλανῖς
1471 1545 1557 1584 He-

107 1603 222 1655 sych.
253 1599 413 1655 ἱμάτιον
434 1597 590 1642 λεπτόν.
622 1600 809 1640 Salmas.
838 1601 1012 1654 στροᾳῖῳ
1029 1596 1112 1641 tino*
1122 1600 1337 1654 χλαμυδίῳ,
1370 1614 1478 1653 quae
1497 1603 1556 1641 le·

107 1659 195 1699 ctio
222 1658 274 1699 de
302 1657 493 1710 clamyde
522 1656 714 1709 ephebica
744 1656 1049 1712 intelligenda,
1080 1655 1133 1695 de
1163 1670 1245 1711 qua
1276 1656 1322 1695 in
1342 1655 1410 1696 his
1438 1657 1556 1698 notis

108 1715 209 1756 alibi
225 1717 362 1771 plura.
420 1715 596 1755 Kmffln.

219 1793 537 1849 ὕποχλαμυδίῳ]
574 1791 727 1832 Divisi
751 1806 846 1832 cum
876 1793 1066 1831 Kuehnio
1100 1791 1211 1831 hanc
1236 1794 1342 1833 male
1375 1792 1555 1833 coniun-

108 1860 217 1891 ctam
238 1864 411 1890 vocem:
439 1851 582 1889 malim
611 1859 749 1888 tamen
776 1847 901 1892 MSS.
929 1847 1123 1903 χλανίδα,
1152 1849 1274 1888 cuius
1299 1849 1555 1904 interpreta-

107 1917 294 1947 mentum
316 1907 500 1961 margini
518 1905 696 1945 adlitum
721 1905 854 1945 fuisse
882 1906 1054 1946 videtur
1072 1902 1314 1960 χλαμύδιον·
1347 1908 1555 1961 χλαμυδίῳ

108 1973 220 2005 certe
239 1963 302 2004 rei
334 1977 474 2003 sacrae
503 1962 744 2001 ministrum
772 1961 886 2001 haud
909 1971 1063 2003 temere
1088 1964 1132 2001 in
1153 1962 1426 2015 antiquorum
1445 1963 1556 2002 scri-

106 2021 192 2076 ptis
222 2019 406 2073 reperias
434 2017 645 2058 indutum.
706 2016 904 2074 Στροφὺῳ
933 2029 1021 2058 tum
1050 2021 1180 2073 vulgo
1209 2027 1322 2069 erat,
1350 2017 1421 2058 sed
1442 2033 1555 2058 ema-

108 2077 268 2118 culavit
293 2077 521 2116 Kuehnius.
566 2076 714 2114 Noster
742 2074 794 2115 de
815 2076 982 2131 Legum
1016 2073 1263 2116 custodibus
1288 2088 1411 2128 supra
1427 2088 1554 2129 segm.

106 2134 173 2192 94·
219 2129 516 2188 ἔστεφᾶιώνται
546 2133 728 2186 στροφίῳ
756 2133 899 2188 λευκῷ.
942 2134 1123 2187 οτροφίῳ
1158 2144 1328 2186 quoque
1373 2130 1555 2170 revincti

105 2200 247 2244 erant,
288 2190 366 2245 qui
404 2188 549 2231 Cereri
585 2189 830 2228 Eleus-inice
866 2189 1171 2243 operabantur:
1211 2190 1383 2226 Arrian.
1420 2188 1554 2238 Epict.

105 2248 190 2289 ΙΙΙ.
218 2262 254 2288 c.
287 2260 354 2289 21.
384 2244 455 2290 οὐκ
481 2245 638 2295 ἐσθῆτα
662 2243 777 2298 ἔχεις,
806 2244 857 2295 ἢν
875 2249 939 2288 δεῖ
961 2244 1030 2288 τόν
1048 2242 1317 2299 ἱεροφάντην,
1347 2240 1396 2286 ου’
1410 2241 1572 2296 accianus

106 2301 156 2348 ου’
174 2301 367 2360 στρόφιον
396 2304 479 2346 οἷον
507 2304 588 2344 δεῖ·
629 2300 680 2340 de
705 2302 835 2341 sacris
856 2304 1065 2342 Eleusinis
1093 2311 1154 2341 est
1179 2313 1326 2341 sermo,
1366 2308 1455 2339 erat
1473 2314 1551 2338 au—

107 2372 192 2407 tem
216 2362 325 2402 vitta
344 2363 464 2399 lanea
486 2372 592 2412 quae
612 2372 750 2397 comas
774 2358 1001 2413 religabat:
1033 2353 1201 2411 οτρόφια
1221 2357 1313 2407 moi
1331 2353 1404 2405 τήν
1424 2352 1551 2408 κόμην

107 2417 221 2472 apud
254 2418 573 2458 Philas-tratum.
618 2417 739 2454 lanae
768 2429 870 2455 vero
891 2415 1137 2455 sacerrimus
1162 2411 1264 2451 olim
1286 2425 1333 2451 ac
1352 2413 1549 2466 frequen·

106 2475 296 2513 tissimus
318 2474 404 2512 fuit
427 2473 471 2511 in
501 2486 543 2512 re
574 2470 722 2510 divina
754 2485 880 2519 usus;
911 2472 1038 2510 etiam
1064 2469 1115 2510 ad
1137 2468 1388 2508 devotiones
1412 2467 1550 2521 magi-

107 2545 196 2570 cas:
227 2530 376 2583 στέψον
396 2527 467 2571 τοῖν
485 2528 650 2580 κελέβαν
672 2522 803 2581 α’ώιῳ.
842 2528 1006 2568 Theocr.
1037 2524 1150 2581 quod
1177 2524 1385 2577 Virgilius
1409 2522 1545 2566 dixit:

106 2588 222 2626 molli
241 2591 362 2640 cinge
381 2586 484 2625 haec
505 2586 669 2624 altaria
692 2586 813 2626 vitta.
854 2583 941 2627 vid.
971 2585 1174 2623 Servium.
