1664 3016
137 130 221 174 798
725 130 847 173 VIII.
909 136 1003 177 123.

136 255 264 298 segm.
297 240 387 286 148.
427 241 648 298 ἐπληρώθη
681 242 727 288 ro*
756 243 1040 302 δικαστήριον,
1090 247 1329 305 ἐκληρώθη·
1373 249 1450 292 ubi
1485 250 1592 292 illud

135 298 361 354 ἐπληρώθη
379 314 458 341 nec
477 301 573 341 MS.
596 311 741 342 noster
758 317 838 344 nec
857 304 992 344 seben·
1010 305 1304 362 adgnoscunt,
1334 309 1473 348 solum
1493 311 1592 349 alte-

135 357 468 401 rumhabentes.
532 358 662 399 IUNG.

245 415 629 470 προσαγγείλαντος]
673 418 1012 471 παραγγείλαντος
1037 418 1083 458 in
1113 429 1276 460 textum
1299 420 1469 461 restitui
1498 435 1590 462 cum

135 473 345 514 Kuehnio.
385 470 514 511 habet
533 482 576 511 et
597 486 685 512 eam
711 488 858 514 vocem
879 475 1211 532 Falckenburgii
1235 476 1400 518 Codex.
1430 483 1591 535 Προαγ-

133 532 289 588 γέλλειν
316 542 512 584 quoque,
559 528 672 584 quod
710 540 774 570 est
798 531 842 570 in
877 531 925 574 C.
957 533 1007 572 A.
1041 543 1201 574 rectum
1241 535 1322 586 sit3
1363 533 1438 590 qui
1478 535 1588 576 enim

137 589 245 628 diem
273 585 429 625 indicit
455 600 504 624 ac
530 587 682 626 statuit
711 585 880 642 iudicii,
908 591 1190 645 προαγγέλλειν
1206 589 1378 632 dicitur.
1418 601 1462 632 et
1486 591 1590 633 haec

132 645 263 686 lectio
284 657 376 683 cum
400 645 573 697 vulgata
597 644 772 697 propius
794 646 1010 688 convenit.
1052 647 1095 686 in
1121 647 1422 701 Clementem,
1442 665 1590 703 προαγ-

131 705 256 759 γέλλω
278 709 354 751 est,
377 703 645 752 praenuncio,
670 705 904 752 pronuncio
910 718 927 751 ;
955 705 1214 760 παραγγέλλω
1233 716 1348 754 vero,
1369 705 1587 752 denuncio,

132 761 261 810 edico,
287 758 512 810 praecipio.
557 755 758 810 Πληροῦν
783 758 829 801 το·
859 761 1140 814 δικαστήριον,
1170 759 1287 816 quod
1314 775 1416 802 mox
1440 762 1588 817 sequi-

135 828 228 866 tur,
260 813 347 853 dici
382 823 557 866 possent
583 813 915 867 thesmothetae‚
945 817 981 856 si
1014 818 1097 872 ipsi
1121 818 1204 858 soli
1233 827 1373 858 essent
1402 818 1587 860 iudicest

131 872 203 914 sed
231 886 324 912 cum
354 869 398 909 id
426 870 487 911 rei
521 871 692 911 veritati
716 886 803 911 non
827 873 1019 928 quadret,
1052 873 1297 914 indubitata
1319 884 1384 915 est
1412 877 1584 930 Iunger-

131 931 279 969 manni
300 929 473 981 κληροῦν
495 928 742 981 reponentis
774 930 1046 974 coniectura=
1076 931 1140 972 nil
1170 941 1310 973 tamen
1337 932 1464 976 MSS.
1498 947 1584 974 non

127 985 374 1028 faventibus
394 998 486 1023 sum
520 998 664 1029 ausus,

806 1048 901 1089 124.

239 1097 288 1143 τό
308 1098 350 1142 δὲ
375 1098 711 1154 περισχοίνισμα]
768 1103 965 1142 Ambitus
983 1102 1179 1154 funiculo
1205 1105 1430 1156 incinctus,
1462 1105 1584 1158 quin-

129 1160 338 1214 quaginta
362 1155 515 1207 pedum
541 1159 727 1210 spatium
753 1160 1104 1211 complectebatur.
1144 1159 1233 1204 vid.
1270 1162 1427 1204 Mean.
1458 1161 1583 1202 Lect.

127 1218 221 1258 Aet.
250 1214 324 1254 lib.
356 1212 433 1252 VI.
466 1227 502 1256 c.
544 1212 606 1256 14.
663 1214 845 1255 Kumm.

239 1266 563 1325 ἐφειστήκεισαν]
616 1271 665 1314 C.
697 1271 747 1313 V.
787 1271 1124 1326 ὖᾳειστήκεισαν,
1152 1273 1353 1314 astabant
1385 1274 1585 1330 prohibi-

128 1328 230 1375 turi,
253 1327 290 1368 si
313 1328 407 1381 quis
424 1326 622 1368 funiculo
648 1328 823 1384 insuper
849 1329 996 1371 habito
1020 1331 1198 1386 propius
1227 1331 1425 1373 accedere
1453 1346 1585 1373 cona-

127 1396 243 1427 tetur
265 1383 404 1424 adhuc
436 1384 655 1438 profanus.
716 1389 897 1427 Kumm.

237 1438 560 1496 ἐφειστήκεισαν]
594 1442 684 1483 MS.
715 1439 1007 1496 ὖφειστήκεσαν
1033 1443 1100 1487 ὅπ.
1133 1443 1207 1486 sed
1227 1442 1453 1502 legendum
1472 1444 1583 1500 ὕφει·

124 1497 358 1552 στήκεισαν·
391 1501 515 1552 quasi
532 1501 688 1538 occulte
714 1500 957 1541 adstabant.
1016 1501 1144 1545 IuNG.
1584 1511 1588 1517 ’

238 1553 561 1609 ἄνυπόπτευτος]
618 1555 665 1598 C.
705 1558 756 1596 A.
804 1554 1123 1608 ἄνοπόπτευτος·
1187 1558 1286 1600 dein
1324 1573 1405 1615 pro
1435 1575 1513 1615 προ
1529 1560 1582 1619 σῇ

123 1618 306 1672 legerem
333 1614 497 1667 προσίῃ.
556 1613 743 1654 Kmmn.

237 1669 562 1724 α’νυπόπτευτος]
610 1670 727 1725 Quid
747 1671 823 1712 illo
849 1668 1149 1722 ἇνυπόπτευτος
1168 1671 1386 1725 faciamus,
1416 1682 1460 1713 et
1478 1673 1580 1728 quid

124 1731 281 1770 frustra
314 1727 417 1767 haec
447 1728 618 1767 scribo?
646 1728 954 1769 emendandum
988 1739 1066 1776 est.
1098 1739 1147 1769 ut
1174 1728 1281 1769 dixi.
1338 1729 1453 1770 Illud
1485 1732 1580 1772 MS.

125 1796 236 1827 certe
257 1799 343 1825 non
376 1783 518 1836 habet,
549 1783 622 1823 sed
652 1799 729 1838 pro
758 1800 808 1825 eo
843 1789 951 1826 clare
980 1782 1290 1838 οἷνεπόπτευτος,
1320 1801 1427 1842 quae
1456 1789 1580 1842 (pace
1612 1795 1615 1797 ’

124 1843 251 1883 amici
282 1841 418 1881 nostri
449 1840 689 1880 doctissimi
714 1842 1009 1883 emendatione
1037 1841 1358 1897 ἐνυπόπτευτος)
1387 1858 1484 1884 vera
1512 1847 1580 1886 le-

126 1900 213 1940 ctio
235 1909 320 1940 est:
351 1909 394 1939 et
413 1898 476 1937 sio
495 1899 694 1937 restitues
724 1899 931 1939 Pollucem
953 1902 1133 1956 egregie.
1166 1903 1450 1954 Harpocratio
1477 1902 1579 1942 satis

123 1966 308 1995 nostram
344 1955 594 1995 sententiam
628 1955 850 1995 confirmat
884 1959 1021 1997 solus:
1060 1955 1379 2009 αἰέπᾶπτευιος·
1417 1957 1577 2013 ’Ἰπερίο

123 2016 195 2064 δης
217 2015 259 2055 ἐν
287 2010 347 2067 τῷ
370 2011 470 2067 ὑπὲρ
500 2007 686 2064 Φρύνης·
726 2011 805 2065 (sic
835 2014 962 2061 enim,
998 2029 1084 2054 non
1125 2012 1261 2064 Φύνης
1289 2015 1576 2071 scribendum)

122 2070 146 2113 ὅ
168 2065 224 2124 μή
255 2068 524 2117 ἐποπτεύσας·
566 2071 604 2110 τί
628 2071 670 2110 δὲ
701 2067 749 2111 τό
775 2071 1037 2123 ἐποπτεῦσαι,
1066 2074 1182 2124 δηλοῖ
1206 2070 1429 2129 Φιλόχορος
1458 2076 1504 2117 ἐν
1528 2076 1578 2131 τῇ

120 2126 281 2182 δεκάτῃ·
311 2120 362 2168 toi
383 2122 473 2181 ἱεροέ
495 2123 610 2173 οὗτος
635 2121 770 2168 οἷδικεῒ
790 2124 939 2177 πάντα,
968 2127 1018 2170 τά
1039 2145 1080 2171 τε
1114 2129 1292 2179 μυστικοὲ
1319 2133 1389 2173 καὶ
1421 2129 1469 2172 τοὶ
1485 2133 1575 2174 ἕπο·

120 2183 264 2227 πτικοὶ·
305 2184 374 2226 καὶ
409 2181 555 2224 πάλιν·
605 2186 830 2239 Δημητρίῳ
866 2186 940 2237 μὲν
972 2183 1046 2228 οὖν
1076 2186 1176 2230 ἴδιόν
1206 2204 1246 2230 τι
1285 2189 1436 2242 ἐγένετο
1465 2187 1578 2241 παροῖ

118 2240 212 2291 τούς
237 2240 384 2288 ἄλλους
415 2237 460 2282 τό
483 2237 604 2292 μόνον
635 2241 716 2293 ἅμα
753 2243 991 2295 μυηθῆναι,
1020 2247 1089 2286 καὶ
1116 2242 1370 2292 ἐποπτεῦσαι,
1402 2248 1471 2288 καῖ
1485 2245 1577 2296 τούς

117 2298 290 2355 χρόνους
308 2296 378 2349 τῆς
398 2298 581 2346 τελευτῆς
608 2293 702 2346 τούς
730 2302 923 2352 πατρίους
945 2302 1289 2353 μετακινηθῆναι·
1323 2301 1399 2341 ubi
1430 2317 1574 2342 emen-

119 2355 304 2396 dandum
334 2353 492 2397 certis&
525 2354 769 2394 coniectura
789 2358 858 2406 τῆς
876 2359 1057 2408 τελετῆς·
1094 2368 1143 2398 ut
1176 2358 1301 2397 etiam
1334 2359 1445 2412 apud
1478 2359 1573 2399 Cla.

117 2414 213 2453 riss.
251 2411 539 2451 Casaubonum
558 2420 746 2449 nostrum
772 2413 851 2451 iam
876 2428 964 2453 esse
991 2414 1114 2456 video
1142 2413 1236 2455 libr.
1259 2416 1332 2455 VI.
1355 2417 1399 2454 in
1420 2417 1573 2458 Athen.

118 2485 154 2510 c.
191 2470 254 2510 15.
289 2483 411 2523 quem
437 2467 523 2515 adi,
553 2467 589 2506 si
613 2467 851 2523 intelligere
876 2471 940 2510 vis
964 2485 1083 2511 veros
1106 2470 1255 2527 gradus
1275 2471 1322 2511 in
1341 2474 1572 2526 mysteriis,

116 2535 160 2566 et
194 2524 299 2580 quid
330 2524 577 2564 interfuerit
607 2524 718 2564 inter
746 2536 925 2578 mystam
951 2537 993 2567 et
1022 2538 1232 2582 epoptam.
1283 2530 1433 2569 ultima
1461 2531 1573 2571 enim

114 2593 224 2622 meta
256 2581 346 2622 fieri
377 2591 590 2635 epoptam,
621 2581 695 2634 qui
727 2583 844 2635 prius
877 2587 1023 2624 saltem
1049 2584 1201 2638 μύστης
1228 2583 1462 2628 dicebatur.
1494 2602 1573 2628 nec

116 2638 357 2679 dubitamus
383 2639 564 2693 amplius
590 2637 674 2678 iam
692 2642 838 2692 paullo
861 2650 961 2682 ante
986 2655 1082 2684 vete
1110 2641 1346 2685 restituisse
1369 2646 1571 2689 ἐπωπτευ·
