1664 3016
119 91 203 137 680
720 126 723 128 .
748 90 872 132 VIII.
932 94 999 136 67.

816 208 887 249 67.

237 257 263 300 θ’
288 259 450 313 κρίνων,
483 260 581 312 εἴα]
615 258 664 299 C.
690 259 739 301 A.
764 260 788 303 ό
806 263 952 316 κρίνων
970 258 1200 316 κατηγορῶν
1225 269 1306 302 etc.
1335 267 1481 303 Kvmm.

238 313 264 356 ὅ
283 318 441 369 κρίνων,
474 317 577 369 etc.]
609 317 668 356 Ut
689 330 813 371 supra
838 332 964 372 segm.
995 317 1062 359 56.
1091 324 1194 357 Iunc.

237 369 413 426 εὖθὺνη]
444 372 537 415 MS.
562 370 732 416 εὖθύνα.
762 376 821 413 lta
840 383 1083 415 constanter
1113 374 1223 414 hanc
1247 387 1395 415 vocem
1414 373 1577 426 scribit,

127 436 175 467 ut
194 436 237 467 et
258 442 383 480 supra
404 429 566 471 notavi.
598 435 710 471 Imm.

239 486 497 538 ἐπαγγελιά.]
545 485 664 525 Hinc
705 500 831 540 supra
867 500 995 542 segm.
1023 498 1092 544 29.
1127 489 1368 543 ἐπαγγεῖλαι,
1406 496 1449 527 et
1476 501 1580 528 mox

126 542 362 596 ἐπαγγείλας
382 541 485 583 ibid.
506 541 551 580 in
575 542 674 584 MS.
703 549 807 586 Imm.

237 598 354 652 λέγει]
384 598 480 642 ΜΞ.
502 597 605 652 ἔφη..
624 604 706 638 San.
976 616 978 619 ’

239 656 361 709 λέγει]
393 655 474 695 Pro
505 657 610 710 λέγει
637 655 730 695 MS.
763 665 907 698 noster
935 655 1032 712 ἔφη,
1071 664 1120 696 ut
1150 665 1192 698 et
1223 655 1393 696 Seberus
1428 655 1475 695 in
1503 669 1582 696 suo

128 709 263 751 fuisse
287 720 476 751 testatur.
505 718 607 754 Iuno.

241 765 497 824 κρινόμενος]
528 769 590 808 Ut
607 782 732 821 supra
754 784 881 825 segm.
913 767 981 811 58.
1010 775 1118 812 Imm.

240 827 310 867 καὶ
331 827 578 875 αἰτιασθεῖς,
608 826 667 880 γ.]
700 824 744 866 C.
766 826 818 868 A.
842 829 911 869 καῖ
927 829 969 869 ἐν
989 826 1100 880 αἰτίᾳ
1121 828 1298 881 γραφῆς,
1331 838 1438 878 quae
1453 824 1584 864 lectio

129 879 255 931 bona,
287 881 326 920 si
354 880 618 932 adhibeatur,
659 881 684 924 o‘
712 885 755 925 ἐν
793 886 852 925 αι’.
885 901 949 939 γρ.
982 893 1046 924 est
1074 883 1185 923 enim
1219 882 1282 921 rei
1314 880 1586 936 periphrasis.

128 942 314 978 quenum.

243 996 312 1036 καῖ
328 993 582 1047 αἰτιασθεῖς]
625 995 798 1035 Desunt
827 996 871 1035 in
903 995 996 1038 MS.
1026 996 1092 1038 καὶ
1116 994 1377 1044 αἰτιασθείς·
1418 992 1588 1032 illorum

131 1064 231 1091 vero
252 1053 348 1089 1000
370 1048 460 1091 MS·
482 1049 610 1089 habet
631 1053 672 1093 ἐν
691 1054 815 1107 αἰτίᾳ.
861 1053 1044 1105 optime:
1085 1063 1133 1091 ut
1161 1051 1274 1091 enim
1305 1064 1382 1089 nec
1412 1052 1590 1088 alterum

133 1116 289 1146 temere
312 1105 492 1156 eiecere,
526 1106 640 1160 quod
660 1107 819 1147 bonum
841 1123 1013 1163 quoque
1032 1118 1117 1149 est:
1149 1108 1208 1147 ita
1225 1117 1268 1148 et
1283 1106 1367 1146 hoo
1381 1106 1592 1147 Pollucem

133 1177 257 1202 nemo
282 1162 388 1201 mihi
423 1163 670 1216 persuadeat
698 1165 905 1204 omisisse.
944 1166 1047 1204 hinc
1076 1164 1219 1203 statim
1252 1162 1381 1203 habes
1411 1165 1454 1205 ἐν
1481 1164 1591 1216 αἰτίᾳ

133 1220 250 1262 εἶναι.
290 1228 355 1259 est
384 1217 530 1272 itaque
556 1220 601 1262 ἐν
637 1222 762 1275 αἰτίᾳ,
793 1236 902 1273 reus,
934 1222 958 1264 ὁ
983 1224 1024 1264 ἐν
1055 1223 1168 1273 αἰιῖᾳ
1198 1218 1268 1268 ὧν,
1309 1221 1381 1272 qai
1401 1221 1594 1258 criminis

133 1284 377 1315 accusatur.
408 1274 535 1314 habet
564 1285 605 1315 et
625 1275 736 1315 infra
758 1291 884 1331 segm.
906 1292 972 1334 90.
1006 1280 1088 1326 τοῖς
1116 1280 1160 1319 ἐν
1190 1278 1299 1329 αἰτίᾳ
1324 1275 1368 1313 in
1393 1275 1488 1314 MS.
1516 1289 1593 1328 pro

136 1335 312 1387 vulgato
333 1332 417 1380 τοῖς
437 1333 648 1381 ἐναντίοις,
679 1332 751 1373 sed
771 1347 899 1390 segm.
925 1345 1014 1375 120.
1035 1333 1106 1377 τόν
1127 1336 1168 1376 ἐν
1188 1335 1303 1388 αἰτίᾳ
1334 1331 1461 1372 etiam
1493 1333 1595 1373 vul-

135 1403 204 1444 go.
235 1394 346 1430 Iuno.

246 1445 416 1500 γραφῆς]
448 1445 485 1483 Ε
511 1443 604 1486 MS.
625 1445 757 1499 prior.
784 1444 885 1486 edit.
907 1449 1091 1501 γραφεῖς.
1122 1451 1205 1486 Sssn.

246 1502 432 1557 γραφῆς]
462 1503 618 1556 γραᾳῆς
653 1500 818 1557 φεύγων.
859 1502 920 1542 sic
965 1513 1007 1542 et
1047 1502 1145 1544 MS.
1182 1510 1329 1542 noster
1369 1509 1412 1542 et
1443 1501 1594 1544 seheri.

137 1557 219 1599 Sed
249 1569 428 1613 uterque
458 1568 570 1598 certe
600 1560 732 1607 falso3
778 1567 819 1598 et
838 1558 976 1598 adhuc
998 1559 1173 1614 propius
1192 1558 1244 1598 ad
1276 1572 1414 1598 veram
1437 1558 1598 1598 lectio-

137 1629 231 1654 nem
279 1628 424 1654 omnes
464 1623 562 1654 ante
598 1615 763 1669 vulgati
807 1618 976 1669 γραφεῖς
1011 1612 1178 1670 φεύγων,
1222 1628 1318 1655 vera
1348 1614 1459 1654 enim
1492 1613 1597 1654 haec

135 1671 281 1723 lectio,
314 1674 459 1710 saltem
491 1681 687 1710 accentus
722 1682 764 1712 et
795 1672 1014 1712 distinctio
1043 1671 1332 1712 emendentur.
1397 1669 1599 1710 Scriben-

138 1726 237 1767 dum
269 1727 381 1768 enim
410 1737 523 1767 certe
559 1727 734 1767 adfirmo
771 1731 957 1782 γραφεῖς,
998 1727 1166 1782 φεύγων.
1209 1727 1381 1783 γραφεὶς
1413 1736 1475 1766 est
1505 1727 1597 1778 ipse

137 1798 255 1831 reus,
297 1793 345 1822 ut
375 1781 632 1839 γραψάμενος
666 1793 786 1824 antea
831 1795 1064 1826 accusator.
1101 1784 1203 1823 hinc
1231 1787 1439 1839 γραφῆναι
1467 1781 1597 1824 habes

139 1840 282 1879 statim
304 1839 356 1879 de
378 1855 464 1882 reo.
524 1842 582 1879 Et
603 1840 639 1879 si
662 1841 707 1878 in
738 1855 782 1880 re
808 1844 916 1880 clara
947 1841 1237 1880 testimonium
1276 1839 1438 1880 adferre
1464 1839 1598 1890 decet,

141 1911 192 1935 en
223 1895 339 1950 quod
370 1897 451 1936 iam
487 1897 537 1936 ab
570 1896 664 1935 aliis
697 1907 891 1949 paratum
926 1895 1034 1936 mihi
1073 1907 1159 1944 est,
1201 1897 1492 1935 Demosthenis
1520 1909 1599 1949 pro

143 1953 404 2003 Ctesiphonte
424 1953 548 1994 verba
572 1962 700 1993 sunt:
731 1956 800 1995 καὶ
829 1956 1000 2008 γραφεὶς
1029 1952 1096 1996 τόν
1124 1950 1256 2008 οἷγῶνα
1288 1952 1437 1995 τοῦτον
1463 1968 1602 2006 παρα-

140 2006 290 2060 νόμων.
312 2009 531 2063 sicitaque
543 2010 728 2049 Pollucis
746 2012 885 2049 locum
908 2020 1044 2050 totum
1067 2025 1228 2051 mecum
1243 2012 1408 2063 supple,
1439 2018 1482 2048 et
1499 2009 1602 2047 scri-

139 2065 211 2108 be:
243 2066 484 2114 αἰτιασθεὶς,
518 2068 558 2108 ἰν
580 2067 707 2118 αἰτίᾳ,
738 2066 837 2115 (nisi
856 2066 911 2108 niv
933 2066 1122 2107 addidit:
1154 2070 1217 2106 vel
1243 2066 1264 2107 ὁ
1287 2068 1327 2108 ἐν
1355 2067 1466 2119 αἰτίᾳ
1492 2066 1604 2105 scri-

139 2121 294 2174 pserit:
325 2131 422 2161 utut
446 2123 517 2171 sit,
550 2120 716 2174 phrasis
738 2132 876 2163 tamen
907 2138 995 2163 non
1019 2122 1270 2175 omittenda)
1288 2125 1477 2176 γραφεῖς,
1506 2118 1603 2174 φεύ-

139 2196 234 2232 γων.
293 2177 345 2216 In
375 2178 471 2219 MS.
506 2177 579 2217 hic
609 2180 752 2231 lapsus
779 2198 803 2229 η
836 2195 913 2233 pro
945 2197 981 2222 ει
1010 2178 1221 2219 scribendi
1255 2193 1341 2218 non
1374 2192 1514 2219 rarus:
1555 2187 1604 2217 ut

142 2249 243 2274 mox
262 2248 388 2289 segm.
415 2235 481 2284 75.
505 2234 638 2286 οἷποσᾳ
648 2232 744 2287 αγιίς
762 2237 911 2275 Noster
930 2235 1072 2286 habet,
1104 2250 1182 2290 pro
1203 2233 1466 2288 ᾰποσφαγείς.
1497 2240 1603 2275 Iunc..

253 2290 427 2346 γραφῆς]
462 2291 682 2330 Revocavi
709 2292 929 2345 pristinam
952 2292 1180 2333 lectionem
1212 2300 1375 2331 mutato
1407 2301 1602 2341 accentu,

140 2349 325 2404 γραφεὶς,
360 2345 594 2402 addidique
615 2346 639 2389 ό
658 2350 702 2390 ἐν
726 2351 835 2404 αἰτίᾳ
859 2364 911 2389 ex
926 2349 1054 2390 MSS.

257 2457 487 2511 ᾰπ;·’δειξεν,
519 2462 607 2514 ἐξ.]
650 2461 746 2501 Hoc
773 2471 814 2501 et
838 2476 1016 2517 sequens
1043 2461 1214 2502 verbum
1243 2475 1332 2500 non
1362 2469 1607 2516 comparent

146 2519 193 2557 in
219 2517 268 2560 C.
295 2517 343 2556 A.
373 2524 516 2557 Kumm.

260 2569 480 2626 ἀπέδειξεν,
514 2573 588 2628 ἐξ]
620 2574 792 2613 Desunt
813 2575 858 2613 in
880 2574 980 2618 MS.
1010 2571 1126 2616 aluid.
1150 2570 1254 2625 ἐξὴλ..
1285 2581 1389 2618 lime.
