1664 3016
134 104 220 148 768
714 100 835 141 VIII.
897 107 990 148 113.

144 214 293 267 Vespis
315 221 357 252 et
379 212 642 253 Acharneus.
674 213 855 253 Luc-ian.
890 213 935 253 in
958 215 1117 256 Pisa-at.
1147 218 1331 271 Hesych.
1362 218 1406 257 in
1425 215 1594 273 ἀνάγκη.

139 269 354 310 Ριιηοειή.
383 268 434 309 de
456 267 587 324 falsa
615 270 766 322 Legat.
797 280 841 310 et
862 281 1007 311 contra
1026 273 1226 314 Midiam.
1256 275 1463 316 Aeschin.
1495 290 1595 316 con·

138 338 203 368 tra
238 325 414 378 ctesiph.
446 333 489 365 et
522 339 575 365 ex
608 325 920 367 recentioribus
961 328 1072 382 apud
1101 332 1397 371 Pahcirollum
1428 340 1471 372 et
1505 331 1596 373 eius

139 391 526 423 commentatorem.
583 383 786 425 Laurent.
827 383 1070 436 Polymath.
1109 387 1204 430 libr.
1245 388 1343 429 VII.
1386 387 1487 429 diss.
1528 387 1594 430 16.

136 440 352 480 Raderum
379 437 424 477 in
455 438 558 478 XII.
599 438 734 494 epigr.
766 438 860 483 651.
891 441 1087 483 Martial.
1127 443 1348 485 Petavium
1373 445 1420 484 in
1453 446 1594 497 Synes.

137 510 233 551 pag.
268 506 332 537 20.
360 493 534 535 videtur
559 505 699 535 autem
730 496 829 535 fons
855 496 943 550 ille,
976 511 999 537 e
1022 511 1107 553 quo
1131 500 1355 554 petebatur
1380 515 1491 556 aqua
1513 504 1594 541 cle-

136 551 408 606 ptydrarum,
449 551 575 592 etiam
602 549 812 607 κλεψύδρα
855 552 995 594 dictus
1028 555 1226 598 Athenis.
1283 559 1511 613 Appianas
1543 556 1595 598 de

135 609 248 650 bello
277 609 428 652 Parth.
465 607 517 648 de
544 610 756 650 Antonio:
785 611 932 661 ἐξιέναι
958 612 1000 653 δὲ
1024 613 1181 665 μέλλων
1218 616 1286 658 ἐπὶ
1310 615 1380 659 τόν
1404 614 1594 670 πόλεμον,

136 664 217 709 ἀπὸ
236 681 279 709 τε
299 666 369 715 τῆς
394 665 505 719 ἱερᾶς
529 668 666 714 ἐλαίας
696 667 895 721 στέφανον
917 667 1050 722 ἔλαβε,
1082 670 1149 712 καὶ
1165 668 1271 714 κατοὲ
1290 689 1329 715 τι
1345 669 1479 727 λόγιον
1511 669 1596 714 dno*

134 723 207 773 τῆς
224 720 454 776 κλεψύδρας
476 721 624 772 ὕδατος
651 723 860 776 ἐμπλήσας
880 723 1043 782 ἀγγεῖον
1061 723 1225 779 ἐκόμιζε.
1255 742 1276 767 e
1293 729 1510 782 clepsydra
1528 743 1595 781 pe-

137 782 219 820 tim
239 795 353 833 aqua
377 780 567 832 implevit
598 782 834 834 vasculum,
865 797 1084 835 secumque
1114 785 1228 827 tulit.
1261 786 1424 839 poterit
1453 794 1592 825 tamen

133 841 254 878 locus
279 837 478 889 Appiani
508 835 561 876 de
597 837 816 890 clepsydra
841 837 1047 880 iudiciali
1067 839 1271 895 intelligi.
1305 841 1356 884 C.
1379 841 1431 883 V.
1459 840 1505 891 ὂς
1527 844 1596 885 καῖ

132 894 312 942 ἐκαλεῖτο
337 902 415 933 etc.
475 893 660 935 Kufflm.

245 957 432 1014 θεωρικά
462 962 505 1004 δὲ
534 962 629 1016 χρ.]
668 963 740 1002 De
767 962 835 1004 his
865 965 996 1005 refert
1014 965 1220 1006 nonnihil
1245 966 1400 1007 Libat».
1431 979 1593 1022 argum.

135 1019 181 1059 in
206 1019 376 1072 Obynth.
408 1018 444 1057 I.
505 1018 607 1060 San.

247 1072 435 1127 θεωρικά
451 1075 495 1117 δὲ
525 1077 627 1130 mu]
659 1077 818 1118 Iterum
839 1078 881 1121 δὲ
904 1077 1021 1119 deest
1041 1080 1086 1119 in
1108 1082 1202 1122 MS.
1234 1080 1286 1122 de
1305 1079 1500 1121 theorica
1523 1093 1593 1134 pe·

135 1132 263 1174 cunia
296 1131 526 1183 Rhodigin.
560 1132 680 1173 VIII.
711 1134 860 1191 Antiq.
892 1138 989 1177 lect.
1020 1150 1058 1193 9.
1092 1137 1165 1178 sed
1198 1147 1247 1177 tu
1279 1136 1332 1178 de
1358 1137 1412 1176 iis
1431 1150 1593 1176 eorum-

135 1205 218 1246 que
238 1189 457 1287 p5raefecto
478 1188 628 1242 potius
651 1191 866 1245 Sigonium
887 1191 958 1233 adi
976 1193 1052 1234 lib.
1065 1194 1142 1236 IV.
1162 1193 1214 1236 de
1233 1193 1420 1250 Republ.
1435 1193 1591 1234 Athen.

132 1261 226 1302 cap.
286 1279 295 1288 .
353 1247 480 1286 lunc.

246 1311 491 1357 δικαστικόν.
523 1314 624 1370 ὅπερ
654 1318 722 1359 καῖ
747 1314 916 1371 τριώβ.]
966 1319 1125 1359 Meum.
1157 1320 1271 1360 Lm.
1307 1320 1404 1361 Act.
1436 1318 1513 1360 lib.
1543 1321 1592 1360 V.

132 1387 169 1413 c.
205 1382 267 1414 12.
299 1370 425 1411 docet
463 1372 683 1426 τριώβολον
702 1374 916 1428 pertinere
940 1373 992 1414 ad
1018 1374 1272 1428 ὃικαστικόν,
1309 1371 1514 1432 δυώβολον
1541 1375 1592 1414 ad

130 1424 349 1481 θεωρικδν,
378 1427 525 1483 ὀβολᾰν
553 1429 606 1468 ad
626 1429 976 1482 'Zunlnococonxdm
1011 1432 1059 1474 C.
1093 1434 1146 1475 V.
1190 1431 1368 1488 δυοβόλω
1396 1436 1466 1477 καὶ
1492 1429 1593 1487 ὀβο-

132 1485 199 1537 λός
217 1486 267 1538 ἦν
287 1483 483 1535 Ἀττικός.
542 1487 717 1529 KmmN.

244 1549 489 1598 δικαστικόν.
511 1554 609 1610 ὅπερ
627 1557 695 1598 καὶ
711 1555 883 1611 τριώβ.]
919 1556 1016 1601 Vid.
1041 1572 1167 1613 supra
1189 1573 1318 1614 segm.
1340 1569 1406 1601 20.
1438 1558 1590 1598 Postea

133 1613 195 1652 ita
214 1612 304 1655 MS.
332 1613 401 1654 καὶ
422 1609 600 1666 δυοβόλω
616 1627 625 1636 ·
657 1615 724 1657 καὶ
744 1612 888 1667 ὀβολός
908 1612 958 1666 ἦν
980 1609 1176 1666 Ἀττικός.
1207 1626 1250 1657 et
1273 1617 1336 1656 sic
1358 1616 1470 1656 forte
1491 1615 1592 1653 Pol·

132 1671 205 1709 lux
225 1669 398 1722 scripsit
417 1699 428 1716 ‚
463 1669 550 1708 nisi
576 1670 690 1725 quod
723 1686 800 1724 pro
832 1669 1037 1725 δυοβόλω,
1068 1674 1214 1726 potius
1245 1670 1512 1712 scribendum
1535 1669 1594 1712 δύ’

131 1722 277 1781 ὀβολώ,
309 1726 414 1765 alias
446 1736 559 1766 certe
580 1737 623 1767 et
646 1729 867 1783 vulgatum
893 1727 1099 1784 δυώβολον
1133 1730 1311 1780 falsum,
1349 1743 1477 1785 quum
1501 1727 1592 1770 διώ-

129 1789 249 1838 βολον
278 1781 519 1832 debuisset,
559 1793 609 1822 ut
638 1784 751 1823 infra
778 1784 865 1836 IX,
897 1784 962 1826 62.
992 1796 1069 1828 etc.
1130 1787 1299 1827 Haereo
1332 1794 1472 1826 autem
1507 1799 1591 1840 quo

131 1840 237 1881 haec
269 1840 475 1879 referam:
512 1854 566 1879 an
602 1840 653 1879 ad
695 1840 947 1892 δικαστικόν,
986 1841 1103 1896 quod
1134 1854 1177 1883 et
1208 1857 1334 1897 supra
1363 1855 1490 1896 segm.
1525 1853 1593 1882 20.

130 1896 354 1952 τριώβολον
377 1895 556 1937 definit:
591 1896 663 1936 sed
686 1912 773 1937 non
794 1897 877 1938 hoc
899 1914 1070 1938 nummo
1092 1900 1275 1948 stetisse,
1294 1897 1367 1940 sed
1382 1912 1475 1937 cum
1491 1906 1591 1938 tem-

130 1968 234 2008 pore
246 1953 430 1992 variasse
451 1954 693 2006 Hesychius
712 1953 787 2004 ait,
811 1955 885 2009 qui
910 1965 952 1996 et
975 1956 1019 1994 in
1041 1955 1181 2010 ὀβολοῖ
1206 1955 1379 1996 scribit:
1415 1956 1458 1997 ἐν
1476 1955 1593 1998 ἄστει

129 2012 359 2053 δικαστικοῖ
401 2012 571 2062 μισθοὶ·
614 2009 836 2064 τριώβολον
873 2026 959 2066 quo
985 2027 1067 2068 que
1097 2009 1427 2063 ἐκκλησιαστικόν
1456 2011 1592 2053 fuisse

132 2082 185 2107 ex
205 2066 493 2118 Aristophane
510 2077 658 2106 notum
683 2076 758 2107 est.
793 2069 970 2109 Mallem
994 2084 1095 2110 sane
1115 2070 1386 2125 potissimum
1404 2067 1457 2108 ad
1479 2075 1591 2111 θεω-

130 2122 245 2181 ρικόν
263 2122 368 2162 haec
387 2122 664 2178 restringere:
697 2123 769 2162 sed
793 2126 865 2179 qui
894 2135 1063 2179 potest,
1095 2129 1130 2167 si
1151 2125 1257 2167 illud
1281 2123 1507 2179 δῦ”ὀβολώ,
1542 2135 1591 2165 ut

131 2178 439 2221 emendandum
463 2177 583 2230 duxi,
615 2195 705 2220 non
725 2180 954 2222 triobolum
976 2186 1045 2224 vel
1067 2183 1212 2225 unus?
1242 2185 1389 2224 Locus
1413 2183 1592 2224 Aristo-

129 2238 287 2291 phanis
303 2247 368 2278 est
387 2237 550 2289 Σφηξίν
563 2249 571 2257 ·

299 2302 380 2359 ἐγώ
407 2305 450 2346 δὲ
480 2303 716 2359 τεθεώρηκα
746 2304 907 2350 πώποτ’
938 2307 1130 2361 οὐδαμοῦ,

296 2365 392 2419 πρῖν
418 2362 460 2410 ἔς
495 2360 653 2417 Πάρον·
683 2364 751 2405 καὶ
780 2366 906 2407 ταῦτα
935 2362 1002 2407 δύ’
1030 2364 1163 2420 ὀβολώ
1191 2364 1339 2422 φέρων.

129 2430 327 2470 Turbant
356 2440 496 2470 tamen
531 2440 574 2470 et
600 2430 672 2470 hic
704 2432 779 2470 alii
812 2434 886 2487 qui
924 2433 1163 2474 drachmam
1196 2434 1240 2474 id
1268 2433 1508 2482 definiunt,
1539 2441 1591 2472 ut

129 2487 420 2527 Philochorus
459 2486 574 2540 apud
600 2487 994 2542 Harpocrationem,
1025 2502 1067 2532 et
1096 2492 1352 2545 Hesychius,
1385 2491 1496 2529 sicut
1517 2489 1590 2528 do-

129 2543 222 2583 cuit
255 2545 398 2597 Sigon.
429 2545 527 2583 loco
560 2543 702 2594 dieto,
734 2555 776 2585 et
819 2547 1092 2588 casaubonus
1123 2559 1268 2588 noster
1295 2546 1348 2590 ad
1385 2547 1590 2598 Theophr.

129 2599 324 2641 Charact.
355 2603 448 2658 περὶ
476 2603 638 2658 βδελυρ.
673 2602 768 2659 Ego
796 2603 941 2660 itaque
964 2605 1078 2647 nihil
1102 2604 1287 2659 definio,
1321 2613 1365 2646 et
1387 2603 1502 2644 nihil
1521 2613 1591 2646 et-
