1664 3016
696 111 821 153 v111.
883 117 983 159 126..
1485 114 1569 165 805

103 223 258 264 Athen.
280 238 384 278 ²cap.
420 222 458 267 5.
488 224 758 278 comprobata
778 240 868 267 esse
890 225 1051 266 iudicia
1075 241 1127 267 ex
1150 226 1428 274 Demosthene
1449 227 1562 282 leges

99 279 147 319 in
181 295 228 320 ea
267 291 415 321 contra
446 283 751 331 Mac-artatum,
785 292 827 321 et
854 283 934 322 alia
956 293 1102 323 contra
1123 285 1435 323 Ariston-ratem
1451 296 1559 337 pro-

97 336 267 377 ferente
291 337 342 377 de
365 336 611 390 ephetarum
633 339 898 394 cognitione,
930 350 979 379 ut
1009 339 1119 380 idem
1142 340 1340 394 Sigonius
1371 338 1560 380 ostendit

97 391 267 442 ibidem.
294 393 398 435 ride
419 394 562 450 itaque
591 409 645 433 an
678 409 765 434 non
799 399 1134 450 προσκατέπησε,
1164 408 1213 436 ut
1242 396 1334 438 MS.
1366 406 1558 437 nostrum

94 447 252 490 habere
274 447 481 500 diximus,
514 451 558 489 in
582 453 762 492 Polluce
782 452 907 494 modo
929 453 1155 510 legendum
1190 452 1247 493 sit
1269 467 1349 508 pro
1378 455 1556 508 vulgato

94 507 403 561 προκατέστησε.
460 508 595 549 Iunc.
1106 526 1107 529 ¹

204 562 309 606 κατοῖ
327 562 471 618 μικρόν
492 567 535 607 δὲ
554 562 888 621 καταγελάσθη]
938 566 1142 620 Meminit
1170 566 1300 606 huius
1329 566 1418 606 loci
1446 564 1556 605 Illu-

92 617 227 663 sti-iss.
262 620 540 672 Spanhemius
561 622 603 660 in
626 623 884 663 Commentt.
920 624 1086 664 Gallice
1111 624 1282 679 scriptis
1311 621 1364 663 ad
1392 623 1556 662 Iuliam·

92 675 313 729 Imperatc.
346 692 441 733 pag.
466 677 560 731 377.
588 679 738 733 ibique
761 679 935 720 Codicis
963 682 1170 731 Vossiani,
1198 694 1322 735 quem
1342 677 1456 718 haud
1479 679 1554 717 im-

91 734 249 774 merito
269 734 444 788 plurimi
467 735 590 783 facit,
619 737 847 776 lectionem
871 736 1032 777 laudat.
1069 751 1148 791 ego
1168 747 1391 790 utramque
1417 737 1553 775 valere

93 799 255 843 putem,
282 800 325 830 et
346 791 603 847 coniungam
637 793 782 846 potius
815 793 1038 834 interiecta
1066 794 1276 847 particula
1308 795 1398 836 καί·
1438 790 1551 830 nihil

91 855 232 887 tamen
264 846 309 885 in
338 856 459 888 textu
486 849 672 890 mutavi:
715 849 918 898 viderint,
949 860 1093 890 utrum
1110 849 1190 890 hac
1218 850 1265 889 in
1284 863 1331 890 re
1349 849 1407 889 sit
1424 861 1549 903 prae-

89 902 336 955 ferendum,
366 905 606 958 peritiores.

202 962 287 1004 δοκ.
310 957 348 1005 δ’
364 959 633 1016 αἷνομᾶσθαι]
683 962 776 1003 MS.
809 965 892 1007 δοκ.
922 964 967 1006 δὲ
994 959 1251 1017 ὠνομάσθαι.
1308 961 1439 1006 que.

200 1017 274 1060 τοῦ
291 1020 490 1071 βασιλέως
512 1021 615 1072 etc.]
662 1019 753 1061 MS.
783 1025 920 1074 βασιλ.
948 1020 1018 1062 τοῦ
1047 1018 1108 1063 ἐπ’
1139 1018 1202 1062 α’κ.
1232 1037 1277 1073 φ.
1309 1017 1548 1072 κρινομένου

87 1074 186 1125 ἕξει.
244 1073 315 1116 De
336 1075 449 1130 regis
469 1090 568 1116 vero
590 1075 674 1115 hoc
693 1077 785 1116 iure
808 1076 908 1116 olim
925 1076 1029 1115 hinc
1052 1076 1248 1116 meminit
1277 1077 1420 1130 Sigon.
1450 1074 1545 1115 libr.

86 1129 122 1173 I.
154 1129 206 1171 de
227 1131 413 1185 Republ.
441 1132 684 1172 Atheniens.
728 1147 818 1188 cap.
851 1132 889 1175 5.
948 1134 1080 1174 Iunc.

197 1187 293 1238 τούς
319 1187 383 1231 ἐπ’
412 1187 552 1231 ἇκουσ.
582 1207 626 1242 φ.
648 1190 938 1244 κρινομένους]
994 1189 1042 1230 C.
1070 1189 1122 1229 V.
1152 1189 1226 1233 τοῦ
1252 1198 1332 1230 etc.
1362 1187 1546 1244 κρινομέ-

84 1260 169 1289 νου.
201 1245 250 1286 C.
280 1245 333 1285 A.
358 1244 623 1296 ἰξελάζοντας.
682 1247 857 1288 Hui-:mnu

200 1304 343 1358 παρέὅ.
377 1319 410 1344 τ.
439 1304 504 1356 ἐφ.
532 1301 602 1354 viv
633 1304 772 1356 δίκην]
828 1303 922 1343 MS.
950 1300 1022 1354 τήν
1038 1303 1186 1356 κρίσιν.
1245 1302 1346 1342 SEB.

195 1361 335 1415 παρέδ.
370 1376 405 1402 t.
434 1362 501 1412 ἐφ.
532 1359 606 1411 τήν
637 1359 782 1414 δίκην]
820 1359 963 1400 'MSS.
1005 1363 1138 1414 κρίσιν
1167 1359 1370 1412 ἐφέσιμον.
1411 1357 1541 1411 paulo

86 1424 186 1455 ante
216 1415 264 1458 C.
294 1416 348 1456 A·
378 1416 402 1458 ὅ
432 1419 475 1459 δὲ
503 1414 696 1471 Δράκων.
724 1431 803 1471 pro
831 1415 915 1458 οἷπό
944 1422 1018 1460 τοῦ
1042 1417 1245 1469 βασιλέως
1273 1414 1379 1471 legit
1401 1415 1542 1454 Inter-

75 1486 171 1525 pres
192 1469 276 1516 α’πδ
296 1473 469 1528 βουλῆς,
498 1489 526 1513 a
555 1474 731 1526 Senatu,
762 1476 881 1513 male.
912 1483 1012 1526 post
1039 1476 1202 1528 ἐφέταις
1229 1473 1541 1527 interpungen-

85 1528 199 1580 dum,
232 1543 320 1569 non
343 1539 439 1583 post
467 1532 591 1581 δίκην.
650 1531 831 1570 ΚυεΗΝ.

192 1586 334 1641 παρὲδ.
364 1604 398 1628 τ.
430 1584 493 1640 ἔφ.
523 1582 598 1638 τήν
629 1587 768 1640 δίκην]
814 1586 912 1627 Μ5.
941 1589 1025 1636 τοῖς
1051 1586 1213 1639 ἐφέταις
1245 1585 1451 1641 παρέδωκε
1466 1580 1539 1633 τήν

82 1643 230 1699 κρίσιν.
287 1643 347 1682 Et
366 1643 509 1683 Seberi
525 1644 663 1684 nostri
683 1645 781 1685 MS.
812 1645 946 1696 κρίσιν
964 1642 1088 1683 habet
1109 1657 1185 1696 pro
1206 1645 1382 1697 vulgato
1406 1642 1536 1690 δίκην,

84 1699 201 1753 quod
223 1709 364 1740 tamen
387 1714 560 1755 quoque
579 1710 751 1743 rectum.
782 1714 908 1755 supra
932 1714 1060 1755 segm.
1084 1699 1152 1741 65.
1176 1700 1363 1754 ἑφέσιμος
1382 1700 1423 1741 δὲ
1442 1696 1537 1740 ω’νο·

80 1754 222 1811 wikero
239 1756 267 1808 η’
288 1757 382 1808 δίκη
396 1771 408 1783 ·
437 1757 583 1797 malim
602 1767 743 1798 tamen
761 1756 832 1795 hic
852 1759 987 1812 κρίσιν
1009 1771 1102 1796 cum
1120 1757 1212 1798 MS.
1271 1756 1401 1796 Iuno.

193 1874 233 1912 οἱ
253 1871 298 1912 δὲ
318 1873 553 1914 ναυτοδίκαι
571 1869 691 1923 ἦσαν,
725 1870 835 1923 etc.]
893 1870 941 1910 C.
974 1869 1023 1909 A.
1054 1874 1095 1912 οῖ
1123 1869 1164 1911 δὲ
1189 1886 1224 1912 ν.
1254 1873 1295 1912 οἱ
1320 1866 1393 1918 τοῖς
1410 1868 1538 1919 ξενίας

80 1927 198 1976 δίκας
215 1923 462 1981 εἰσάγοντες·
494 1942 589 1966 nam
622 1927 889 1966 Nautodicae
910 1937 953 1966 et
980 1925 1142 1966 iudices
1163 1935 1204 1966 et
1223 1924 1537 1965 introductores

80 1993 201 2024 erant
221 1982 265 2022 in
302 1983 440 2022 causis
473 1984 804 2038 peregrinitatis.
863 1984 1047 2024 Kmmu.

190 2044 230 2083 οἱ
258 2042 303 2083 δὲ
332 2043 566 2083 ναυτοδίκαι
595 2039 728 2090 ἦσαν,
751 2041 862 2094 etc-J
917 2040 1012 2081 MS.
1044 2043 1083 2082 οἶ
1116 2041 1157 2081 δὲ
1177 2040 1408 2083 ναυτοδίκαι
1428 2035 1538 2080 οὗτοι

77 2093 186 2148 ἦσαν
218 2107 297 2140 etc.
362 2099 548 2136 Pollucis
595 2096 721 2136 verba
757 2098 1060 2151 interpretatur
1105 2095 1182 2139 lib.
1220 2096 1296 2135 IV.
1341 2094 1393 2135 de
1430 2095 1535 2147 Rep.

77 2153 233 2195 Athen.
266 2167 358 2207 cap.
382 2151 421 2193 5.
451 2154 674 2206 Sigonius,
705 2153 779 2191 ubi
802 2153 853 2192 de
873 2154 940 2192 his
961 2154 1073 2208 agit:
1104 2153 1371 2192 Nautodicae
1402 2159 1532 2200 erant,

79 2213 154 2263 qai
186 2213 511 2263 peregrinitatis
550 2210 666 2250 dicas
705 2210 1046 2259 introducebant,
1088 2209 1349 2247 vocabantur
1396 2215 1536 2245 autem

78 2267 373 2321 ὕβριστοδίκαι,
403 2269 444 2305 ei
462 2268 636 2308 Cratero
660 2266 905 2306 credendum
924 2277 998 2315 est,
1036 2269 1075 2305 ei
1108 2269 1181 2318 qui
1210 2266 1379 2303 decreta
1410 2264 1533 2302 colle-

76 2328 171 2376 git,
211 2326 248 2362 ii
286 2326 360 2376 qui
390 2323 508 2362 dicas
549 2323 810 2362 introducere
842 2324 1051 2362 nolebant.
1112 2322 1210 2360 Non
1247 2330 1384 2359 tamen
1420 2328 1534 2359 recte

81 2379 208 2420 credo
227 2394 249 2419 a
273 2382 444 2434 Sigonio
468 2378 679 2419 confundi
698 2382 950 2418 nautodicas
978 2389 1018 2419 et
1040 2377 1358 2431 hybristodicas.
1409 2375 1534 2416 Certe

81 2436 124 2476 id
147 2451 171 2476 a
191 2438 384 2476 Pollucis
402 2446 541 2477 mente
562 2436 749 2476 alienum
769 2445 846 2487 est,
874 2437 947 2490 qui
969 2450 1012 2474 se
1049 2435 1150 2473 sacis
1174 2433 1376 2471 distincte
1396 2431 1532 2483 expli·

81 2502 159 2532 cat.
221 2492 350 2547 Quod
381 2503 521 2532 autem
559 2494 781 2546 Sigoninm
814 2492 858 2530 in
883 2507 1062 2531 errorem
1089 2488 1276 2538 induxit,
1308 2487 1433 2527 credo
1453 2487 1532 2527 hoc

79 2563 187 2596 esse,
219 2548 335 2602 quod
362 2551 434 2589 ille
458 2550 653 2588 Carterus
689 2548 779 2601 (qui
810 2547 922 2600 apud
942 2548 1118 2586 Suidam
1136 2544 1359 2597 Κρατερός,
1388 2544 1534 2598 itaque

76 2605 183 2645 hinc
205 2604 509 2656 emendandus)
545 2605 619 2660 qui
642 2609 884 2662 ψηφίσματα
915 2604 1099 2658 collegit,
1133 2617 1156 2642 a
1186 2611 1330 2641 nostro
1359 2602 1534 2640 Polluce
