1664 3016
684 113 804 154 VIII.
863 118 930 158 72.
1446 113 1530 154 687

72 229 326 268 Mercurium
357 227 586 282 intelligat,
625 236 805 267 statuam
830 226 874 265 in
907 239 1072 268 carcere
1099 224 1186 265 coli
1218 223 1388 263 solitam
1419 221 1528 262 insi-

71 298 218 327 nuare.
276 283 362 325 Sed
386 284 527 323 hausit
546 286 605 324 ita
628 299 679 324 ex
700 284 988 337 Aristophane
1007 292 1184 336 utraque
1202 283 1366 329 Noster,
1395 288 1439 320 et
1457 278 1528 318 de-

70 340 314 382 nominatus
337 340 438 380 inde
450 342 688 380 Mercurius
709 355 732 380 a
751 340 838 380 situ
858 350 1023 381 statuae
1043 353 1149 395 quae
1170 339 1290 378 iuxta
1315 335 1527 378 cardinem

71 397 226 437 ianuae
249 399 542 439 collocaretur.
572 404 678 438 que.

181 451 492 508 πεντεσύριγγον
521 454 628 508 etc.]
669 451 860 508 σύριγγας
889 462 932 493 et
965 453 1154 507 συρίγγια
1190 450 1335 490 dixere
1362 458 1526 490 veteres

68 512 312 559 cavamina,
355 509 506 565 quibus
542 510 708 564 aliquid
738 510 911 549 immitti
953 508 1129 549 solebat.
1177 521 1223 546 ea
1262 506 1312 546 de
1347 520 1471 546 causa
1499 501 1529 557 η’

67 569 236 621 χοινικῖς
253 567 327 610 τοῦ
346 562 501 622 πρόχου,
532 568 678 606 librale
699 576 827 611 rotae,
848 565 988 620 σύριγξ
1006 565 1093 604 fuit
1110 564 1236 604 dicta.
1270 562 1526 606 callimach.

69 625 114 662 in
133 624 245 664 Pau.
269 624 447 676 Hesych.
462 627 696 678 Συρίγγιον,
720 621 864 678 πρόχου
882 626 1040 676 κὲνωμα
1058 620 1108 664 δι’
1127 620 1176 663 οὗ
1193 622 1339 663 ἐνιέτιιι
1357 620 1381 663 o‘
1401 620 1525 671 ἄξων·

67 679 184 721 haud
204 678 480 720 dissimilibus
507 682 550 719 in
575 680 697 721 rebus
726 679 803 719 hac
826 694 928 719 voce
961 689 1141 717 utuntur
1159 676 1407 718 Mechanici
1425 677 1527 717 scri-

67 746 225 790 ptores.
273 736 371 776 vide
395 739 600 776 Heronem
619 737 956 776 Alexandrinum
975 735 1123 788 spirit.
1143 733 1216 775 lib.
1249 748 1303 773 11.
1335 733 1409 772 ubi
1438 747 1527 775 sae·

67 793 165 847 pius
185 789 256 836 τοῦΙ
277 795 485 848 συριγγίου
506 793 709 835 meminit.
769 791 1072 845 Πεντεσύριγγα
1101 790 1262 843 itaque.
1306 803 1527 843 quaecun-

69 863 154 903 que
171 850 427 890 foraminula
446 849 604 890 habent
636 850 839 903 quinque,
868 849 1023 902 quibus
1048 847 1178 886 inseri
1208 846 1429 900 quippiam
1450 860 1526 899 po-

66 915 164 947 test.
207 906 291 946 tale
315 921 443 962 quum
469 917 577 947 esset
600 907 765 960 lignum
798 905 905 945 illud
929 903 1220 953 carcerarium,
1252 917 1275 941 a
1298 902 1432 956 figura
1448 917 1526 942 no-

67 976 161 1002 meu
182 972 246 1002 est
265 963 477 1002 sortitum.
519 964 782 1002 Basileensis
812 964 1058 1016 prioresque
1083 959 1187 1000 edit.
1211 956 1526 1014 πεντεσιῖριγκον

65 1021 175 1060 male
198 1017 435 1060 habebant:
465 1018 511 1058 id
534 1020 749 1058 Kuehniue
767 1017 1074 1059 emendaverat.

179 1077 427 1130 στροφαῒος]
460 1075 615 1131 ’.Ερμῆς
643 1075 668 1117 o‘
693 1073 796 1127 πρός
825 1077 913 1123 ταῖς
936 1072 1091 1126 θύραις
1121 1071 1337 1126 ἱδρυμένος,
1364 1069 1432 1115 cho?
1453 1069 1526 1116 τόν

65 1129 140 1182 τῆς
161 1127 298 1186 θύρας
323 1133 511 1186 στροφέα.
535 1132 713 1184 Hesych.
729 1129 939 1182 Cardam,
971 1140 1014 1171 et
1035 1133 1276 1180 Forculum,
1309 1144 1331 1168 a
1358 1129 1524 1169 foribus

65 1198 110 1230 et
131 1188 377 1229 cardinibus
396 1189 598 1230 dixerunt
621 1188 828 1230 Gentiles.
894 1189 1062 1228 Tertull.
1093 1185 1145 1228 de
1172 1201 1331 1226 corona
1350 1187 1523 1226 Militis.

61 1252 211 1288 Kumm.
1516 1291 1518 1293 ¹

174 1301 427 1355 σιροφαῒος]
465 1301 727 1342 Mercurium
767 1301 986 1354 στροφαῖον
1028 1300 1103 1354 qui
1141 1300 1298 1340 carceri
1335 1298 1522 1350 addicat,

62 1369 228 1415 praeter
244 1358 460 1400 Pollucem
478 1367 670 1398 nostrum
692 1368 906 1398 auctorem
933 1358 1022 1398 scio
1046 1357 1272 1397 neminem.
1310 1357 1398 1395 fuit
1429 1355 1524 1410 qui,

64 1416 157 1456 dem
180 1415 281 1456 olim
302 1416 536 1469 στροφαῖος,
567 1413 592 1457 o‘
609 1413 722 1469 παροὲ
740 1416 827 1463 ταῖς
846 1412 997 1467 θύραις
1019 1415 1230 1467 ἱδρυμένος
1247 1413 1415 1466 Ἑρμῆς,
1441 1407 1523 1455 <ind

62 1473 134 1517 τοῦ
162 1473 237 1524 τῆς
266 1470 400 1526 θύρας
426 1473 644 1526 στροφέως,
676 1472 857 1512 docente
874 1471 1365 1524 Etymologo,‚He.s-yohc'o
1399 1469 1524 1510 aliis-

63 1544 160 1584 que.
203 1542 345 1583 neque
365 1527 415 1567 ab
437 1527 522 1568 hoc
542 1528 713 1568 differat
730 1528 910 1568 forsitan
931 1528 955 1570 ό
973 1531 1040 1570 ἐπὶ
1058 1525 1128 1578 τῆς
1154 1526 1279 1577 αὐλῆς
1312 1528 1523 1582 ἱδρυμένος

60 1586 214 1641 Ἑρμῆς
244 1586 293 1624 ab
311 1585 528 1624 Athenaeo
554 1585 630 1627 lib.
671 1600 716 1625 x.
749 1599 784 1624 c.
818 1596 881 1626 10.
912 1595 1176 1638 memoratus.
1225 1583 1297 1625 sed
1327 1598 1379 1623 an
1409 1582 1523 1623 idem

63 1643 118 1684 ad
137 1643 313 1683 carceris
334 1641 484 1682 ianuas
506 1651 688 1681 statutus
708 1641 853 1689 fuerit,
885 1640 1108 1680 addubites
1122 1641 1290 1684 merito.
1333 1639 1405 1681 sed
1417 1638 1523 1695 quid

62 1697 308 1740 moramur?
341 1697 552 1752 siquidem
584 1697 731 1738 eodem
760 1698 874 1747 iure,
917 1712 1004 1751 quo
1033 1697 1182 1737 domos
1210 1696 1283 1736 hic
1308 1699 1523 1752 σιροφαῖος

64 1755 116 1796 ab
150 1754 311 1795 iniuria
342 1755 485 1794 furum
517 1754 724 1802 defendit,
759 1768 942 1794 carceres
964 1768 1136 1810 quoque
1155 1753 1205 1794 ab
1228 1753 1521 1796 effractoribus

64 1810 279 1862 defendat,
311 1825 543 1866 eorumque
564 1811 699 1850 valvis
720 1810 971 1865 praesideat.
1295 1830 1298 1832 ·

176 1869 266 1922 περὶ
293 1866 364 1911 τᾶν
397 1869 587 1924 στροφέα]
625 1868 722 1910 MS.
752 1867 866 1923 παροὶ
889 1867 959 1911 τόν
989 1886 1076 1924 στρ.
1098 1867 1216 1924 quod
1235 1871 1371 1910 malo:
1396 1881 1523 1921 prope

62 1925 290 1968 cardinem.
320 1931 423 1966 Imm.

173 1980 261 2024 ἔστι
280 1978 321 2024 δ’
336 1981 360 2023 o‘
377 1981 546 2035 “Ερμῆς]
577 1981 670 2021 MS.
695 1980 782 2024 ἔστι
803 1981 845 2024 δὲ
866 1977 891 2025 o‘
906 1981 968 2024 Ἑ.
1002 1989 1111 2023 Irmc.

174 2039 242 2082 καὶ
261 2036 413 2092 σᾳαλός
431 2040 490 2084 δὲ,
521 2041 615 2087 ete]
648 2038 712 2077 Al.
734 2049 775 2079 et
793 2038 984 2089 σᾳαλλὸς.
1015 2045 1094 2083 San.

174 2097 243 2139 καὶ
265 2093 420 2150 σφαλός
439 2097 497 2139 δὲ.
539 2095 638 2148 etc]
681 2094 854 2149 Hesych.
886 2094 1082 2149 σφαλλός.
1123 2095 1219 2136 dein
1255 2095 1304 2138 C.
1338 2096 1383 2137 A.
1414 2095 1522 2151 legit

61 2167 140 2209 pro
169 2150 426 2206 δεσμωτικόν,
462 2150 745 2204 δεσμωτήριον,
784 2167 889 2207 quae
918 2154 1048 2194 lectio
1077 2154 1250 2194 tolerari
1278 2162 1440 2206 potest,
1481 2151 1520 2190 si

62 2208 190 2250 modo
212 2212 389 2265 legatur,
418 2211 699 2261 δεσμωτηρίων
719 2206 832 2258 ξύλον
853 2219 930 2250 etc.
971 2209 1088 2251 Idem
1103 2209 1248 2252 Codex
1272 2211 1318 2248 in
1340 2222 1521 2263 sequen-

63 2266 179 2306 tibus
196 2265 343 2317 habet,
373 2264 397 2308 ὃ
416 2267 621 2307 ἐδίσκευον
637 2266 681 2308 ἐκ
703 2268 898 2310 καλωδίου
918 2263 1169 2323 ἠρτημένων,
1199 2266 1396 2305 ultimum
1416 2267 1519 2303 mal-

61 2326 144 2363 lem
164 2323 316 2363 mutari
341 2323 384 2361 in
413 2320 646 2377 ἠρτημένον,
678 2321 761 2361 hoc
786 2336 934 2365 sensu:
973 2323 1149 2374 σφαλλός
1182 2337 1275 2361 vero
1306 2334 1521 2360 carcerum

63 2381 227 2431 lignum
247 2380 476 2419 vocabatur
493 2379 742 2428 subsultans,
772 2381 885 2432 quod
906 2381 1012 2421 disci
1033 2385 1172 2421 instar
1188 2378 1433 2417 emittebant
1446 2376 1520 2429 fu-

63 2437 208 2474 niculo
231 2450 469 2488 appensum.
517 2433 687 2474 videtur
717 2435 881 2490 lignum
919 2436 1026 2476 illud
1058 2436 1239 2491 pedibus
1272 2435 1518 2473 vinctorum

63 2491 261 2531 funiculo
293 2506 519 2541 annexum,
562 2490 764 2546 humique
798 2502 991 2543 tractum,
1020 2509 1113 2533 cum
1146 2495 1306 2532 vellent
1336 2488 1518 2545 ingredi,

65 2562 199 2602 eaque
219 2547 270 2588 de
292 2563 414 2588 causa
437 2546 685 2587 emittebant
718 2547 840 2598 illud,
871 2551 1242 2604 proiiciebantque
1261 2547 1435 2601 longius
1455 2544 1519 2584 di-

61 2606 123 2645 sci
148 2605 298 2657 instar,
326 2619 380 2646 ne
399 2618 586 2661 gressum
621 2602 859 2657 impediret.
904 2620 1112 2649 censerem
1143 2606 1246 2647 alias
1275 2602 1321 2646 τό
1341 2600 1518 2656 ἁλλόμε-
