1696 3028
649 144 877 190 V1.147.
1421 152 1500 192 173

157 257 326 316 ευρους]
361 258 407 304 Ο.
427 258 481 301 A.
503 259 696 314 αφθονος
714 268 794 303 etc
825 257 1066 317 συγκλῦζων,
1095 259 1274 318 πηγᾶςτ.
1294 258 1332 305 ἆ.
1351 280 1502 318 ομηρος

43 316 214 375 (ὅμηρος
231 331 311 373 pro
331 316 449 374 ομβρ.
482 318 612 359 etiam
639 317 690 359 C.
713 317 786 369 V.)
804 335 841 361 ν.
862 335 905 362 π.
926 323 1059 378 πολλῷ·
1075 319 1192 372 ῥέων,
1223 322 1502 374 ingentifla-

46 378 158 416 mine
173 375 326 420 invehi,
356 376 572 417 ‚Demos-th.
603 375 649 414 in
663 374 716 415 de
739 375 917 417 Corona.
947 375 1023 432 ἐγώ
1029 363 1115 430 μὲν
1128 381 1188 419 τοῒ
1207 377 1387 421 Πύθωνι
1405 385 1500 422 πολ-

45 436 102 491 λῷ
119 433 251 487 ῥέοντι
275 429 382 476 καθ’
402 431 518 488 ὑμῶν
538 450 615 476 ουκ
634 431 743 486 εἶξα,
771 447 848 488 ego
866 433 1059 488 Pythona·
1085 421 1246 488 cop⁴ioee
1268 438 1316 475 in
1335 451 1409 477 vos
1430 439 1499 476 in-

45 477 224 538 vehenti,
254 504 339 530 non
359 494 472 532 cessi.
530 490 711 532 Ktiznu.

43 602 68 644 I
158 545 333 603 εὔρους]
370 549 425 589 Ιιι
446 547 548 591 MS.
580 548 739 589 desunt
765 556 850 589 tres
881 551 1068 590 voculae
1096 546 1192 604 ῥ’όθ.
1224 547 1314 593 εὕπ.
1343 567 1498 603 ευνους.

43 618 420 763 Ισητῖἷέἱσυρων]
456 663 539 705 Pto
558 676 821 720 παρασυρων,
847 661 950 706 MS.
966 673 1202 706 monstrose
1232 663 1500 724 παυσασύρον

62 734 226 760 uuonan

156 776 432 850 παραφέρων]
469 777 523 817 In
555 775 656 818 MS.
687 774 805 818 deest
822 778 1087 836 παραφέρων.
1114 777 1258 821 dein'
1242 794 1291 820 m
1315 779 1407 825 MS.
1425 799 1500 837 πη-

43 832 118 892 γὰς
131 851 247 886 τινας
263 852 338 889 αφ.
395 842 505 875 Imm.

155 890 337 947 ποταμὸς
355 901 436 934 etc.
449 896 467 942 ]
496 889 590 934 MS.
607 888 791 947 ποταμός
811 896 943 936 πολλω
963 893 1077 950 ῥέων.
1105 892 1259 935 mediis
1283 911 1325 938 π
1345 909 1383 939 a.
1402 893 1442 938 ὅ.
1463 902 1497 939 λ

46 949 228 992 omissis.
257 948 400 991 Habes
422 963 525 991 vero
544 958 588 991 et
610 963 736 1005 supra
756 963 819 1000 xv,
835 961 904 991 20.
931 949 1086 992 horum
1111 950 1331 1006 quaedam.
1390 960 1498 998 Iuno.

155 1007 332 1080 λαῦρος]
363 1003 585 1105 λιῖβροςΜ8
529 1020 609 1060 pro
629 1012 777 1079 λαῦρος
791 1009 990 1076 reposuit
1014 1005 1077 1049 cl.
1098 1010 1331 1055 Kuehniue.

154 1062 456 1136 ἀνεμποδίστως
505 1062 631 1108 MS.S
651 1061 951 1134 ἀνεμπόδιστος
1008 1065 1108 1108 5η.

155 1119 457 1194 ἀνεμποδίστως
520 1119 568 1161 C.
587 1122 639 1163 A.
655 1117 731 1166 ἆνε
731 1120 965 1177 μπὸδιστος.
1022 1123 1200 1168 Kumur.

157 1175 486 1252 ἀνεμποδίστως]
524 1177 586 1219 Et
612 1189 759 1222 noster
783 1178 877 1224 MS.
909 1179 1038 1222 etiam
1063 1177 1368 1237 ἀνεμπόδιστος.
1398 1182 1497 1226 dein

44 1234 171 1282 ἔπιδ’
192 1254 258 1280 αν.
313 1242 426 1279 Imm.

156 1291 477 1350 ἀνεμποδίστως]
517 1289 808 1350 ἀνεμπόδιστος
834 1309 913 1351 pro
941 1290 1246 1350 ἀνεμποδίστως
1274 1298 1340 1341 Cl.
1358 1300 1496 1340 Kuelt.

42 1353 142 1392 nius
157 1351 364 1424 reposuit.

155 1407 318 1452 ἐπειδᾶν
348 1413 450 1460 etc.]
479 1407 575 1452 MS.
598 1409 766 1451 auctius
787 1409 1005 1450 dictione:
1036 1406 1168 1454 ἕπειδ’
1186 1429 1239 1455 αν
1263 1429 1333 1471 πρ.
1354 1431 1387 1457 τ.
1411 1431 1497 1470 φω-

42 1464 135 1523 νὴν,
162 1463 323 1510 ἔπειδαν
345 1467 457 1527 ἐκχέῃ
487 1484 583 1518 τους
603 1467 764 1534 λόγους,
793 1464 890 1519 τίς
873 1484 925 1510 αν
942 1476 1021 1509 etc.
1051 1474 1164 1514 Iuno.

154 1524 331 1582 ἐνέγκαι]
362 1525 409 1567 Ρ.
433 1512 601 1582 ἐνέγκοι.
632 1535 676 1566 et
695 1525 758 1565 sic
776 1539 906 1580 supra
923 1524 1051 1566 etiam
1076 1540 1144 1579 vx,
1169 1524 1264 1570 156.
1323 1527 1421 1570 Smi-

154 1638 229 1695 τήν
246 1657 366 1684 πυκν.
387 1641 491 1695 etc.]
524 1586 1099 1711 C·A.vn³;41:1812vovnvoetvffv
1116 1639 1435 1712 σφοδρότητα,τ
1411 1647 1497 1716 2¹..f3

41 1714 74 1741 τ.
95 1698 124 1741 ἶ.
145 1696 222 1753 τήν
239 1715 405 1755 ευροιαν
424 1707 504 1740 etc.
532 1695 607 1752 τὴν
626 1696 903 1755 μεγαλόνοιαν,
932 1697 1008 1769 τὴν
1026 1696 1291 1754 ὗψηλόνοιαν,
1322 1718 1354 1744 τ
1375 1706 1409 1744 λ.
1423 1720 1500 1757 την

38 1751 284 1828 ὖψηλογίαν,
314 1774 349 1799 τ.
369 1774 409 1799 κ.
440 1754 580 1797 dein*
567 1770 614 1796 m
635 1756 851 1829 margine:
880 1757 941 1807 τίς
959 1754 1115 1800 ούτωπ.
1137 1774 1182 1799 π.
1202 1759 1262 1807 τίς
1282 1759 1499 1814 ε’πίδρομος

38 1809 254 1865 Ὠκεανὸς,
288 1817 449 1864 Νεῖλος,
466 1810 647 1868 Ἴστρος,
678 1832 729 1857 αν
747 1812 802 1870 μή
816 1817 942 1884 παγῇ.
970 1813 1046 1855 hio
1062 1813 1221 1856 desinit
1235 1829 1395 1872 margo.
1425 1818 1497 1856 ln·

44 1879 165 1924 terpr.
197 1870 348 1911 omisit
374 1871 546 1924 ultima,
575 1889 628 1914 αν
651 1870 707 1928 μὴ
723 1875 859 1928 παγῇ,
891 1874 932 1910 si
949 1887 1036 1912 non
1049 1871 1218 1927 frigore
1231 1872 1372 1926 fuerit
1389 1887 1498 1913 eon-

45 1935 195 1968 cretus.
225 1926 342 1984 quod
357 1929 468 1970 Istro
485 1928 632 1969 evenit
651 1928 816 1984 hyeme.
874 1929 1051 1971 Komm-

153 1981 224 2028 τὸν
246 1984 424 2040 aaran]
454 1985 507 2026 In
519 1984 613 2029 MS.
639 1984 757 2028 deest
775 1985 847 2030 τὸν
865 1984 1156 2043 κατακλυσμὸν,
1187 1995 1232 2029 et
1240 1984 1316 2043 τὴν
1335 1992 1499 2046 μεγαλα·

40 2043 212 2113 φωνίαν.
268 2047 379 2083 Imm.

152 2097 227 2155 τὴν
243 2100 352 2170 βίαν,
379 2116 455 2151 την
470 2097 610 2156 ἶσχύν]
639 2099 769 2145 MSS.
788 2105 827 2159 β.
844 2120 919 2157 την
939 2099 1090 2158 ψυχήν.
1151 2101 1256 2145 ΒΕΒ.

39 2220 59 2255 1
154 2155 336 2214 μεγαλόν.
348 2158 365 2211 ]
403 2155 498 2200 MS.
527 2156 811 2215 μεγαλόνοιαν.
843 2160 1045 2219 deestque
1066 2157 1140 2216 τὴν
1157 2162 1496 2218 λαμπροφωνίαν.

58 2229 235 2256 UNGERM·

149 2269 409 2344 αἱψηλογίαν]
439 2270 570 2317 MSS.
585 2270 647 2323 ὗψ
651 2276 875 2331 η.λολογίαν
933 2275 1039 2318 SEB.

151 2327 313 2386 ὗψηλογ
315 2329 411 2383 ιάν]
442 2329 634 2370 Omnino
653 2331 962 2374 emendandum
978 2332 1267 2389 ὖψηλολογίαν,
1295 2341 1346 2372 ut
1366 2341 1411 2374 et
1421 2347 1496 2373 no

43 2395 128 2428 ster
148 2386 247 2429 MS.
272 2348 414 2429 hyabet.
438 2385 592 2428 desunt
612 2386 712 2427 dein
729 2387 800 2433 τὸν
816 2393 852 2443 ῥ’.
871 2408 906 2432 τ.
929 2395 962 2433 λ.
986 2407 1019 2432 τ.
1044 2395 1089 2432 θ.
1110 2393 1183 2443 τῆς
1201 2394 1354 2455 φωνῇς.
1384 2396 1495 2431 Iuno.

153 2443 398 2515 ὖψηλογίαν]
426 2441 701 2500 νψηλολογίαν
735 2461 758 2486 e
782 2447 912 2491 MSS.
942 2446 1179 2517 repositum
1201 2456 1266 2487 est
1287 2446 1334 2485 in
1356 2456 1492 2488 textu.

154 2503 214 2551 τίς
238 2519 366 2553 ουτως
386 2502 510 2555 ἔπίδρ.
521 2502 536 2556 ]
571 2499 669 2544 MS.
698 2504 758 2553 τίς
776 2505 1005 2575 ἐπίδρομος
1015 2502 1193 2553 ὠκεανὸς
1222 2513 1303 2544 etc.
1335 2502 1494 2557 absque

41 2557 281 2598 interiectis
309 2559 446 2599 tribus
471 2559 652 2602 voculis.
720 2561 832 2603 Mox
873 2562 956 2603 ista
987 2559 1038 2606 ἂν
1058 2560 1112 2616 μὴ
1145 2564 1254 2617 παγῇ
1282 2558 1494 2599 habentur

40 2614 167 2654 etiam
197 2614 244 2654 in
273 2615 369 2658 MS.
408 2625 574 2658 nostro.
631 2619 728 2674 Ego
765 2633 928 2674 semper
960 2618 1113 2675 putavi
1140 2631 1229 2658 esse
1263 2614 1492 2655 ridiculum

39 2673 246 2726 glossema
268 2673 475 2728 alicuius,
511 2674 587 2730 qui
614 2676 787 2718 Pollae»
813 2676 1035 2731 illuderet,
1071 2673 1255 2725 Istrum,
1293 2671 1491 2728 rapidum
