1664 3016
178 143 260 186 ¹750
754 135 876 175 VIII·
906 164 910 167 -
938 142 1031 182 107

178 254 363 295 Hebraei
393 254 610 308 eleganter
637 260 738 293 ‘mm
766 253 1007 304 appellant,
1047 251 1230 291 Rahbim·
1258 249 1440 306 vnnpnb,
1487 261 1645 307 tempus

211 326 318 351 xum.

174 314 211 361 fi
289 366 382 420 περὶ
422 363 675 421 φρατόρων.]
735 364 868 404 Abest
908 364 1060 404 titulus
1097 380 1120 405 a
1147 364 1194 408 C
1229 367 1278 407 A·
1306 364 1505 422 φράτορες
1542 378 1642 408 sunt

174 422 365 463 eiusdem
405 423 550 462 curiae
585 422 830 478 participes.
905 424 1148 477 φρατίαρχος
1186 437 1313 476 vero,
1369 425 1484 478 apud
1518 439 1639 481 quem

176 481 296 534 pueri
327 487 368 518 et
398 479 587 535 virgines
617 494 771 518 nomen
802 493 921 517 suum
954 477 1276 532 profitebantur.
1325 491 1551 536 antequam
1575 483 1638 520 in-

176 537 355 589 scriptio
389 535 541 575 fieret
530 551 573 575 ιιι
605 535 744 575 album
764 534 1037 590 phratorum‚
1069 550 1220 590 parens
1241 536 1408 578 iurabat
1430 552 1475 578 se
1497 539 1640 579 intro-

176 593 334 632 ducere
362 593 571 648 genuinos
597 593 768 643 liberos,
804 603 926 632 natos
947 606 1001 632 ex
1027 606 1072 631 se
1092 603 1134 632 et
1159 593 1253 632 cive
1273 595 1441 635 Attica.
1474 595 1511 634 si
1532 596 1638 636 alie-

175 665 276 688 num
299 649 432 688 filium
450 664 527 689 suo
548 651 723 689 nomine
743 663 766 688 a
787 659 962 703 parente
985 648 1205 689 introduci
1225 651 1382 692 scirent
1401 651 1638 721 phi-atores,

173 721 263 746 non
291 706 553 761 recipiebant
584 706 900 755 introductum,
944 706 1011 748 καὶ
1037 702 1249 760 ἀπηνέχθη
1283 707 1328 750 τὸ
1358 705 1551 762 κούριον,
1595 719 1636 749 et

172 761 454 814 sacrificium,
489 762 605 818 quod
638 777 715 817 pro
751 762 832 802 filii
863 762 1111 816 receptione
1139 762 1344 812 dabatur,
1377 764 1542 816 κούριον
1574 765 1636 805 di-

176 830 314 870 ctum,
346 820 617 860 auferebatur
645 819 694 859 ab
723 834 791 859 ara
821 820 937 859 Iovis
964 818 1195 873 phratoriS.
1256 822 1403 862 [saeue
1429 822 1551 863 Orat.
1587 837 1632 864 v.

172 878 391 918 Demosth.
418 888 565 918 contra
585 879 890 917 Mac-artatam.
948 883 1099 920 Konna

284 935 375 986 περὶ
396 932 657 990 φρατόρων.]
689 934 786 978 MS.
813 933 990 975 titulus:
1024 932 1234 992 φράτορες.
1293 940 1400 976 que.

275 990 486 1059 κούρους]
518 991 645 1033 MSS.
672 989 835 1045 κόρους.
895 995 975 1030 Seu.

283 1046 483 1104 κούρους]
515 1047 558 1090 C.
585 1050 634 1090 A.
655 1047 815 1101 κόρους.
874 1054 1024 1088 Kumm.

282 1066 488 1160 κούρους]
527 1105 621 1147 MS.
641 1103 736 1154 τούς
757 1121 797 1146 τε
813 1102 985 1159 κόρους·
1016 1115 1064 1145 ut
1093 1115 1135 1146 et
1162 1106 1375 1149 Seberuee
1397 1120 1476 1147 suo
1498 1105 1635 1148 adno—

170 1161 296 1202 tavit.
328 1163 389 1201 sic
412 1173 604 1203 extremo
632 1161 705 1202 lib.
724 1176 796 1204 -.vr
821 1163 989 1218 Legum
1018 1163 1172 1204 Plato.-
1199 1161 1303 1229 κόρῃ
1323 1165 1394 1218 μὲν
1414 1173 1494 1205 etc.
1522 1163 1634 1223 κόρῳ

171 1219 215 1262 δὲ
245 1228 326 1258 etc.
377 1228 418 1259 et
444 1219 540 1260 libr.
566 1233 647 1260 vn.
691 1232 779 1257 non
811 1220 871 1258 ita
902 1222 1031 1274 longe
1065 1234 1087 1259 a
1117 1219 1362 1274 principio·
1409 1219 1535 1275 κόρου
1566 1225 1632 1265 καὶ

168 1273 305 1329 κόρης·
363 1277 417 1316 Et
448 1276 614 1316 statim:
645 1273 764 1327 κόροι
795 1275 866 1329 μὲν
894 1275 992 1329 μετὰ
1017 1275 1152 1350 κόρων
1171 1286 1252 1318 eto.
1284 1277 1493 1334 διατριβην
1510 1282 1632 1322 ποιεί·

165 1340 349 1377 ‹semo-av.
407 1333 495 1373 Et'
483 1343 657 1382 lterum,
688 1328 840 1387 κόρους
856 1350 898 1375 τε
920 1331 1000 1387 ἅμα
1022 1334 1090 1376 καὶ
1106 1330 1242 1391 κόρας.
1301 1341 1408 1375 que.

282 1388 447 1448 ημέρᾳ.]
498 1391 601 1430 Post
630 1387 759 1446 ἡμέρᾳ
797 1389 891 1430 dele
923 1400 1153 1444 punctum,
1191 1394 1258 1432 vel
1293 1395 1440 1432 saltem
1471 1406 1631 1434 comma

164 1447 397 1491 substitue
455 1454 557 1487 Iuno.

282 1501 448 1559 ημέρᾳ]
503 1503 694 1544 Minoris
736 1503 1032 1543 distinctionis
1066 1513 1212 1544 notam
1251 1502 1447 1558 adposui.
1521 1507 1630 1548 Dies

166 1561 274 1602 haec
292 1567 506 1616 κουρεῶτις
524 1561 828 1615 Apaturiorum
850 1561 975 1601 tertia
996 1570 1098 1602 erat.
1141 1559 1357 1600 Procluae
1345 1575 1390 1600 m
1417 1565 1630 1604 Timaeum

166 1619 361 1661 Platonis
394 1633 489 1673 pag.
524 1631 591 1672 27.
645 1617 707 1660 ‘H
730 1618 772 1660 δὲ
801 1620 914 1672 τρίτη
938 1622 1170 1674 κουρεῶτις·
1211 1619 1254 1660 ἐν
1280 1617 1402 1676 ταύτῃ
1431 1620 1507 1676 γὰρ
1532 1639 1631 1672 τους

166 1674 343 1731 κούρους
361 1677 583 1732 ἐνέγραφον
605 1677 660 1724 εἰς
689 1693 785 1724 τους
806 1674 1016 1730 φράτορας
1039 1681 1202 1729 τριετεῖς
1231 1676 1297 1717 καὶ
1326 1683 1537 1733 τετραετεῖς
1558 1696 1630 1722 ον’-

165 1748 257 1784 τας·
287 1744 437 1780 cetera,
470 1734 663 1787 quamvis
683 1732 957 1786 praestantia,
989 1745 1074 1771 non
1098 1731 1305 1774 describo.

279 1790 447 1843 κόριον]
494 1790 541 1830 C.
573 1790 624 1829 A.
655 1787 852 1844 κούριον·
883 1788 957 1827 alii
978 1787 1169 1843 κούρειον
1189 1799 1231 1828 et
1247 1795 1448 1844 κουρεῖον.
1478 1790 1566 1833 vid.
1587 1802 1629 1832 et

164 1846 277 1902 apud
299 1850 455 1887 Mears.
478 1847 740 1885 6ναεο.1”ἐν.
763 1846 807 1884 in
828 1845 1062 1897 Apaturia‚
1094 1855 1136 1886 et
1156 1860 1278 1899 supra
1300 1861 1375 1893 ιιι,
1397 1846 1465 1888 52.
1524 1849 1628 1889 Cae-

161 1915 299 1944 terum
321 1918 450 1954 error,
484 1918 607 1958 quem
629 1902 855 1943 maximum
882 1901 1092 1954 Hesychia
1117 1912 1159 1942 et
1184 1904 1399 1955 Simplicio
1424 1905 1628 1962 impingit

165 1963 321 2000 Meum.
344 1963 465 2013 plane
486 1963 629 1999 nullus
655 1969 731 2000 est.
763 1969 846 1997 tres
868 1958 1037 2012 quidem
1065 1969 1184 1999 erant
1204 1959 1292 2000 dies
1315 1964 1627 2014 Apaturioram

163 2035 265 2060 κατα
298 2017 347 2058 τὰ
376 2017 638 2070 νομιζόμενα”
683 2014 967 2054 ΠίῘ-ΠῙΟῐῐῐὶΠυὸ
999 2026 1138 2056 tamen
1168 2019 1238 2068 ἔξω
1256 2022 1335 2059 τῶν
1353 2022 1625 2074 νομιζομένων

161 2084 251 2115 erat
283 2073 370 2112 diei
392 2074 521 2112 unius
541 2071 787 2126 πρόσθεσις,
819 2087 925 2127 quae
946 2071 1036 2113 dies
1054 2075 1196 2129 ἐπίβδα
1215 2074 1458 2127 dicebatur,
1490 2086 1533 2116 et
1556 2092 1621 2118 se-

163 2129 373 2185 quebatur
397 2129 566 2184 quidem
591 2130 769 2179 festum,
801 2129 861 2167 ita
883 2138 1047 2181 tamen,
1081 2141 1128 2170 ut
1148 2130 1231 2170 adh
1220 2145 1289 2170 uc
1323 2131 1375 2171 ad
1406 2133 1625 2173 festivita-

161 2197 247 2228 tem
279 2186 524 2241 pertineret.
583 2188 791 2226 Isocrates
822 2185 866 2224 in
904 2188 1104 2240 Areopag
1108 2192 1209 2228 ilico
1242 2189 1453 2243 queritur,
1489 2189 1623 2230 Athe—

159 2243 333 2284 nienses
366 2244 500 2283 fuisse
531 2252 723 2297 tempore
756 2257 834 2282 suo
869 2246 998 2298 longe
1027 2244 1394 2285 munificentiores
1430 2248 1474 2284 iu
1507 2250 1623 2287 cele-

156 2300 334 2339 brandis
358 2298 668 2340 festivitatibus
692 2301 901 2349 ἒπιθέτοις,
935 2315 1058 2354 quam
1078 2301 1122 2339 in
1146 2301 1410 2351 solennibus,
1437 2311 1479 2343 et
1499 2303 1621 2344 valde

158 2355 384 2412 ἀνωμάλως
414 2371 485 2396 sua
518 2357 732 2410 peregisse
765 2371 894 2397 sacra.
957 2357 1078 2411 Quae
1110 2373 1202 2398 cum
1233 2359 1292 2398 ita
1324 2358 1427 2408 sint,
1459 2369 1622 2414 potue-

156 2421 260 2455 'runt
290 2415 470 2468 Hesych.
499 2423 541 2454 et
569 2414 812 2464 Simplicius
849 2413 943 2453 sine
981 2418 1070 2454 ullo
1115 2429 1254 2455 errore
1295 2415 1480 2458 ἐπίθετον
1509 2417 1620 2456 diem

156 2471 465 2525 Apaturiorum
484 2470 732 2510 solennibus
761 2484 1058 2523 annumerare,
1091 2481 1133 2511 et
1154 2481 1337 2527 quatuor
1368 2473 1506 2514 facere
1530 2473 1621 2514 dies

157 2527 347 2568 eiusdem
372 2528 484 2567 festi.
544 2533 690 2566 Kunrm.

270 2583 432 2637 κόριον]
451 2583 550 2625 MS.
563 2579 987 2638 τὸκουριονεθυον,υ.
1002 2588 1036 2627 δ.
1049 2603 1082 2627 τ.
1100 2589 1283 2640 θηλείων.
1307 2587 1363 2626 Et
1376 2602 1619 2640 κουριονε3-

157 2656 210 2683 ne
223 2641 392 2684 videtur
402 2640 730 2682 emendandum:
753 2639 894 2698 κόριον
911 2642 1022 2683 enim
1036 2645 1371 2698 potiuspuellam
1383 2644 1617 2701 signiwficat
