1664 3016
138 115 222 156 734
718 111 841 150 VIII.
902 114 994 155 103.

141 240 246 267 voce
270 233 311 264 et
333 225 500 278 prolixe
521 224 768 263 Pausanias
788 223 830 262 in
859 224 1033 276 Atticis,
1065 235 1106 265 et
1127 240 1178 266 ex
1201 239 1252 265 eo
1274 221 1334 266 HL
1363 225 1510 267 Iunius
1539 227 1593 269 V.

140 281 366 323 Animadv.
397 293 462 321 20.
496 279 572 319 ubi
601 281 784 335 exponit
817 281 984 335 Ceryces
1009 282 1370 337 significationem
1394 285 1592 325 mul'tifa-·

138 341 257 381 riam.·
313 343 420 376 que.

212 404 214 407 ’
251 397 392 447 κῆρυξ,
412 403 489 434 etc.
499 393 521 449 ]
563 396 628 434 De
659 393 805 441 Ceryce
824 396 1030 435 Mercurii
1048 396 1333 463 Pandrosiqne
1355 396 1444 437 filio
1465 395 1594 438 habet

141 462 183 493 et
203 453 457 490 Sclzo'liastes
481 453 652 489 Homeri
675 449 726 489 ad
750 451 875 491 Iliad.
895 468 932 493 α.
969 448 1119 507 Ερμῆς
1137 449 1233 522 γάρ,
1267 454 1449 508 inquit,
1469 456 1594 526 μιγεὶς

143 507 370 566 Πανδρόσω
389 512 441 562 τῇ
461 508 669 575 Κέκροπος
688 509 860 577 θυγατρὶ
881 510 988 562 ἔσχεν
1004 508 1094 552 υἴὸν
1112 508 1276 564 ὀνόματι
1295 509 1481 564 Κήρυκα,
1514 508 1594 563 ἀφ’

140 566 189 611 οὑ
208 564 252 608 vd
273 570 351 607 τῶν
377 561 579 620 Κηρύκων
601 565 735 620 γένος,
769 563 822 615 ὥς
844 567 995 619 ἱστορεῖ
1010 571 1280 621 Πτολεμαῖος·
1318 566 1535 608 videndus
1550 578 1595 608 et

139 623 403 665 Eustochiae.

253 696 334 720 των
353 678 585 731 μυστικῶν]
617 681 773 731 μυστῶν
794 676 934 733 Κήρυξ
951 679 1139 732 Xenoph.
1159 679 1236 721 lib.
1264 694 1317 722 11.
1334 681 1393 726 H.
1416 681 1508 722 G.‘
1491 698 1547 734 ιερ
1552 699 1592 724 ο-

139 734 269 789 κῆρυξ
295 736 454 774 dicitur
478 734 609 774 talis
597 749 641 773 m
675 735 795 776 Orat.
816 746 961 775 contra
989 737 1221 787 Neaeram,
1251 736 1324 775 ubi
1346 736 1452 777 dicit
1471 738 1590 777 illum

140 792 416 832 subserviisse
448 791 557 845 regis
589 792 647 830 ita
683 791 786 837 dicti
818 793 967 843 uxori,
1010 808 1102 832 cum
1121 803 1380 833 sacramento
1404 794 1592 849 adigeret

139 850 311 889 Bacchi
351 847 611 899 sacerdotes,
655 858 879 901 antequam
907 863 1023 889 sacra
1053 849 1322 904 attingerent.
1392 849 1460 890 Ad
1489 852 1593 891 istos

141 907 334 959 Κήρυκας
365 903 600 943 adducebat
621 915 738 958 pater
758 905 889 944 filium
917 905 1128 956 adultum,
1159 917 1207 946 ut
1230 907 1486 947 insereretur
1503 911 1592 961 Κη-

140 981 276 1017 ρυκων
297 962 419 1009 albo,
455 960 703 1015 iurabatque
735 971 854 1015 pater
877 977 944 1002 ara
967 972 1076 1002 tacta
1103 963 1339 1018 legitimum
1363 976 1453 1004 esse
1471 978 1592 1019 quem

140 1020 387 1061 adduxerat.
443 1019 679 1057 Andocides
701 1017 820 1059 Orat.
843 1034 872 1061 1.
899 1034 1007 1073 quae
1028 1030 1092 1061 est
1111 1019 1162 1059 de
1183 1019 1408 1072 mysteriis.
1439 1021 1600 1060 caeteri·

139 1089 369 1132 praecones
397 1084 517 1116 erant
541 1075 710 1114 vilioris
747 1074 1027 1118 conditionis.
1069 1074 1370 1142 δρομοκήρυκος
1399 1077 1593 1117 meminit

138 1137 302 1174 Auctor
325 1145 450 1184 supra
468 1130 543 1173 lib.
567 1146 640 1173 111.
669 1145 704 1172 c.
724 1129 789 1172 50.
809 1141 909 1175 sect.
929 1132 971 1175 4.
997 1133 1134 1189 qualis
1146 1133 1407 1186 Philippides
1422 1134 1495 1174 ine
1512 1134 1595 1188 pe-¹

140 1190 238 1229 dum
259 1188 511 1241 pernicitate
532 1188 837 1231 nobilissimus.
893 1196 1041 1233 Kumm

252 1242 520 1314 Ευοινείὅων]
553 1242 599 1285 C
614 1245 666 1285 A.
682 1239 898 1288 Ευοικίων.
931 1247 978 1288 C.
1000 1248 1048 1287 V.
1069 1246 1219 1286 melius
1234 1245 1454 1290 Εὕνειδαῖν.
1475 1248 1589 1286 Ηαν-

136 1317 249 1356 pocr.
284 1298 476 1344 Ευνίὸαι·
516 1299 710 1355 dicitque
723 1301 862 1366 'fuisse
893 1304 1098 1344 familiam
1126 1304 1310 1343 Atticam
1334 1318 1386 1344 ex
1408 1317 1491 1357 qua
1511 1303 1591 1344 Ci-

138 1358 334 1399 thamodn
346 1357 617 1398 sumebantur
635 1357 762 1411 quiin
777 1359 904 1398 sacris
926 1369 1137 1412 canerent,
1161 1361 1360 1414 (Hesych.
1380 1358 1592 1416 Εὗνεῖὸαι)

137 1417 446 1469 nationemque
482 1415 615 1454 fuisse
655 1413 837 1454 Athenis
869 1416 1029 1456 cithara
1062 1427 1298 1457 canentem.
1347 1426 1400 1457 εἰς
1425 1417 1592 1459 Polluce

138 1482 276 1526 patet,
310 1471 424 1526 quod
447 1486 534 1511 non
555 1470 758 1510 citharam
790 1481 975 1526 tantum,
1008 1472 1082 1514 sed
1101 1487 1249 1514 vocem
1270 1473 1399 1515 etiam
1419 1474 1588 1531 pompis

138 1529 267 1569 samis
283 1528 664 1568 commodaverint.
724 1535 875 1570 Kunrm.

252 1584 522 1655 Εὖοινείδων]
554 1584 652 1626 MS.
668 1581 870 1628 Ευνειδων
890 1604 925 1642 γ.
952 1604 986 1630 ο
1008 1589 1044 1629 δ.
1064 1585 1164 1628 κατὰ
1184 1584 1247 1642 ἆγ.
1287 1589 1344 1628 Et
1361 1585 1587 1644 legendum

138 1658 239 1683 sane
261 1639 486 1692 Εὗνειδῶν,
521 1643 586 1682 vel
601 1639 811 1685 Εὖνιδῶν·
836 1643 927 1683 hoc
945 1644 1055 1683 enim
1074 1644 1223 1714 gentis
1227 1643 1394 1685 Atticae
1417 1658 1587 1694 nomen,

136 1715 240 1750 non,
273 1709 321 1738 ut
346 1702 490 1754 vulgo,
522 1695 790 1743 Εὖοινείδων.
821 1700 1129 1753 Harpocratio:
1159 1698 1348 1749 Evvlo'oet,
1373 1698 1588 1742 Suid.E13-

136 1760 257 1800 νῖδαι.
287 1755 379 1797 MS.
405 1757 507 1810 epit.
530 1758 670 1809 Harp.
693 1751 890 1827 Ευνηδαι.
921 1757 1131 1805 Λυσίαςέν
1150 1760 1205 1813 τῷ
1226 1756 1325 1799 κατὰ
1347 1761 1587 1810 Τελαμῶνος,

137 1817 173 1857 εἰ
194 1827 373 1873 γνησιος·
404 1815 519 1867 γένος
540 1814 618 1855 ἐστὶ
643 1809 743 1868 παρ’
764 1812 1001 1888 Ἀθηναίοις
1019 1812 1122 1856 οὕτω
1143 1801 1433 1867 ὀνομαζόμενοι
1454 1811 1591 1856 Ευνί-

137 1875 225 1912 δαι·
255 1886 356 1924 ησαν
373 1870 415 1912 δὲ
433 1871 679 1927 κιθαρῳδοὶ,
691 1868 815 1938 πρὸς
830 1888 901 1920 τας
929 1872 1129 1924 ἴεραρχίας
1149 1870 1262 1923 (MS.
1281 1871 1384 1925 epit.
1403 1881 1446 1910 et
1465 1871 1588 1910 Suid.

137 1928 384 1983 ἱερουργίας)
400 1928 635 1992 παρέχοντες
655 1924 728 1978 τήν
747 1929 903 1981 χρείαν·
934 1926 1007 1967 sed
1029 1936 1071 1966 et
1092 1925 1316 1978 Εὕνειδῶν,
1347 1937 1397 1966 ut
1414 1928 1460 1966 in
1493 1926 1587 1969 MS.

136 1993 302 2035 exstat,
344 1985 501 2023 rectius
530 1993 606 2023 est.
647 1982 908 2037 Hesychius.
950 1979 1165 2036 Εὗνεῖδαι,
1190 1986 1302 2039 γένος
1319 1979 1397 2027 ἆπό
1406 1981 1597 2040 Εὖνήου·

135 2042 398 2094 κεκλημένον,
427 2038 503 2082 ’τοῦ
520 2036 705 2088 Ἰάσονος
726 2043 843 2091 υἷού,
874 2039 964 2083 οἷον
982 2043 1097 2096 γένος
1118 2039 1319 2112 ὄρχηστων
1333 2059 1399 2084 και
1417 2047 1588 2095 κιθάρι-

136 2102 263 2148 στῶν,
305 2098 482 2138 ἐνταῦθα
508 2094 584 2151 γὰρ
611 2095 771 2152 ω’κησαν
797 2100 839 2140 οἷ
860 2093 1058 2153 ἀπόγονοι
1090 2094 1242 2140 αυτου·
1286 2099 1328 2140 οἷ
1351 2098 1392 2141 δὲ
1415 2099 1530 2153 γένος
1549 2099 1588 2140 τὶ

132 2152 605 2224 Ἀθηνῃσικιθαριστῶν.
665 2154 824 2193 Dictus
853 2154 963 2195 idem
993 2165 1035 2196 et
1054 2157 1234 2195 Eunezos.
1261 2155 1466 2208 Etymoloo
1450 2157 1587 2194 micon.

136 2208 342 2261 Εὖνεῖδαι,
371 2211 487 2279 γένος
500 2206 698 2263 Ἀθηνῃσι
717 2211 923 2264 μουσικόν
956 2211 1114 2264 (malim
1141 2216 1362 2265 μουσικων)
1395 2209 1482 2254 οἶπὸ
1498 2209 1588 2253 Εὗ-

135 2270 236 2317 νέως
253 2273 327 2311 τοῦ
341 2264 538 2316 Ἰάσονος
550 2265 652 2309 καὶο
665 2269 901 2322 Ὑψιπύλης·
940 2266 1149 2338 γράφεται
1154 2266 1220 2311 διὰ
1246 2272 1320 2321 τῆς
1343 2284 1377 2311 ει
1407 2266 1588 2323 διφθὸγ-

134 2343 238 2381 yov,
274 2343 328 2374 ως
347 2320 428 2367 οἷπὸ
447 2328 526 2366 τῶν
550 2326 604 2373 εἷς
626 2341 706 2374 ευς.
767 2326 823 2363 Et
847 2326 908 2365 sic
938 2325 1079 2365 idem
1069 2340 1131 2365 m
1137 2321 1348 2380 Ἀτρείδης
1374 2336 1458 2364 uua
1490 2338 1584 2364 cum

137 2382 233 2421 aliis
254 2381 409 2421 format
430 2380 481 2421 ab
502 2378 680 2434 Εύνεως,
715 2379 927 2435 Ευνείδης
983 2388 1088 2425 IUNG.

249 2433 531 2492 Εὗοινείδων]
568 2438 635 2477 Ita
664 2439 982 2492 corruptissime
1011 2442 1165 2495 vulgo.
1203 2453 1281 2479 nos
1312 2446 1585 2492 praeeuntem

136 2495 272 2535 secuti
294 2496 532 2534 Kuelmium
566 2490 775 2537 Εὖνειδῶν
812 2496 857 2534 in
886 2505 1005 2536 textu
1041 2495 1378 2546 emendavimus,
1416 2495 1586 2548 iamque

137 2553 239 2592 olim
266 2552 324 2590 ita
350 2550 573 2604 legendum
597 2550 1076 2591 indicaveratMeursius
1096 2554 1185 2592 Att.
1204 2553 1326 2592 Lect.
1347 2551 1419 2591 lib.
1435 2566 1473 2590 v.
1494 2564 1584 2600 cap.

140 2621 203 2650 ιο.
226 2608 299 2647 u-bi
319 2607 369 2649 de
385 2610 528 2648 Euneo
552 2608 717 2663 generis
748 2619 920 2650 aucto-re
947 2609 1167 2664 ipsiusque
1189 2609 1372 2664 posteris
1392 2610 1585 2662 pluscula
