1664 3016
91 109 175 153 540
695 109 798 153 v11.
859 115 952 157 192.

90 223 291 264 Codicem
323 222 395 263 hic
425 221 672 265 adnotavit:
711 224 913 268 Eustath.
937 225 1064 268 habet
1093 224 1235 283 πόρος,
1272 227 1384 282 quod
1408 227 1547 284 mae'zgt's

82 282 221 336 probo.
242 280 334 320 vide
351 282 397 319 in
421 281 539 322 Thes.
600 281 658 320 Et
679 279 725 320 in
753 280 973 324 Thesauro
997 282 1167 339 quidem
1197 299 1275 326 ano
1297 286 1462 340 profert
1479 290 1545 328 lo-

86 354 179 379 cum
207 338 441 378 Eustachii.
502 335 638 377 Cuiua
665 339 807 378 locum
835 352 887 378 ex
917 344 1137 396 παρεκβολ.
1166 340 1220 382 ad
1243 338 1413 386 Ὀδυσσ.
1443 359 1476 387 ε.
1497 353 1542 384 et

84 395 157 435 hic
185 393 305 434 lubet
335 391 598 445 adscribere,
630 408 760 450 quum
782 394 976 450 Philylm
1002 411 1167 438 versum
1195 397 1437 440 continente
1474 398 1543 443 εῧ-

82 468 198 506 ρηται
217 450 344 494 δὲκαὶ
364 448 473 504 παρὰ
501 457 587 501 τοῖς
613 456 801 501 παλαιοῖς
820 447 844 494 ὅ
867 450 1005 508 πόρος.
1032 454 1100 497 καὶ
1123 455 1324 511 ἐργαλεῖον
1355 472 1540 512 φρεωρυ-

80 507 207 564 χικὸν,
248 503 277 561 ἢ
297 504 565 550 λιθοκοπικόν
597 523 699 562 φασι
730 513 885 560 σκεῦος.
927 511 997 553 καὶ
1033 508 1262 569 προάγουσι
1296 514 1366 556 καὶ
1394 518 1539 571 χρῆσιν

86 567 298 610 Φιλυλλίου
319 562 429 614 τινὸς
446 561 595 618 ταύτην
609 578 620 590 ·

244 622 472 677 προέδωκεν
491 619 613 664 αὐτόν
631 620 654 666 ὅ
672 620 814 676 πόρος·
843 616 898 676 ἦν
916 619 992 680 γὰρ
1013 619 1218 679 ιιῗιῐθενής.Δ

76 679 152 720 ubi
179 693 280 719 sane
310 692 455 718 versus
493 677 717 720 admittere
756 678 895 733 τορεῦς
926 694 1013 720 non
1043 681 1226 725 videtur.
1259 679 1359 724 MS.
1389 691 1535 724 noster

75 738 148 778 hic
178 750 256 791 pro
292 738 470 790 vulgato
499 737 674 790 τέρευσις
705 734 840 792 (quod
867 736 1075 790 retinuit,
1115 746 1164 778 ut
1189 746 1233 779 et
1257 737 1340 779 alia
1365 738 1531 790 menda,

73 795 341 848 Rhodiginua
363 806 408 842 x.
429 801 513 833 ant.
535 796 630 833 lect.
654 792 741 847 16.)
763 791 890 834 babet
906 792 1088 848 τόρευσις
1103 797 1227 835 clare.
1257 793 1372 836 infra
1389 804 1531 837 tamen

74 867 121 903 x,
149 850 238 907 ¹49·
272 847 383 890 idem
415 849 511 888 MS.
543 859 688 890 noster
716 848 844 889 habet
870 849 990 891 iuxta
1011 851 1247 892 casauboni
1265 851 1531 893 emendatio-

70 923 189 950 nem:
222 905 244 950 ὅ
271 906 312 950 δὲ
325 902 479 962 westie.
509 905 753 962 φρεωρύχων
771 908 992 960 ἐργαλεῖον,
1028 907 1221 963 quamvis
1239 906 1303 949 ibi
1318 907 1528 974 quispiam

70 963 311 1006 emendavit
327 961 631 1019 φρεατωρύχων,
664 973 713 1003 ut
731 962 860 1004 hodie
886 963 1030 1020 vulgo.
1059 964 1172 1006 Vitii
1194 977 1295 1006 vero
1317 964 1527 1020 originem

69 1022 151 1062 tibi
179 1022 224 1061 in
248 1021 326 1060 illo
358 1019 542 1073 τόρευσις
569 1020 792 1073 explicabo
824 1020 1026 1073 amplius,
1064 1032 1107 1063 et
1134 1023 1276 1065 locum
1306 1022 1526 1062 restituam

67 1078 263 1132 amplius.
319 1077 417 1132 Ipse
443 1077 556 1118 enim
585 1076 707 1117 vides
726 1075 832 1116 illud
865 1075 920 1126 ὥς
947 1075 988 1120 δ’
1017 1076 1069 1121 ἂν
1093 1087 1174 1119 etc.
1215 1092 1304 1119 non
1330 1077 1390 1118 ita
1417 1076 1527 1119 bene

66 1135 328 1176 constituere
367 1142 613 1188 sequentem
644 1134 894 1176 orationem.
947 1147 1098 1189 nempe
1138 1134 1303 1188 syllaba
1340 1150 1380 1185 ις
1415 1137 1524 1176 male

65 1192 256 1232 adhaesit
281 1193 458 1231 voculae
476 1190 637 1245 τορεύς,
671 1190 717 1230 vi
743 1189 926 1230 abscissa
956 1204 978 1229 a
1009 1201 1211 1248 sequente
1239 1205 1314 1231 aua
1340 1204 1447 1233 voce
1468 1189 1524 1243 οἷς

64 1249 134 1289 cui
152 1248 321 1288 restitui
345 1246 482 1299 debet,
509 1257 551 1286 et
567 1247 653 1302 legi
675 1249 780 1296 ἴσως.
800 1247 877 1295 sic,
909 1247 1081 1301 inquam
1096 1277 1110 1296 ,
1141 1247 1406 1289 confidenter
1427 1264 1522 1290 me-

62 1321 155 1346 cum
184 1303 382 1352 emenda,
408 1300 568 1356 τορεύς·
601 1304 712 1355 (sive
737 1303 842 1344 adeo
866 1301 983 1357 τᾶρος
1009 1319 1103 1344 cum
1124 1305 1351 1344 Eustochio
1383 1306 1519 1347 malis.

61 1365 236 1402 alterum
255 1371 393 1401 tamen
417 1360 511 1403 MS.
537 1360 608 1401 hic
634 1371 678 1400 et
698 1362 809 1400 infra
837 1359 975 1408 habet,
1001 1370 1048 1400 ut
1071 1360 1181 1415 dixi)
1205 1363 1301 1410 ἴσως
1319 1357 1359 1404 δ’
1377 1357 1429 1405 o'lv
1450 1363 1519 1406 nai

59 1417 215 1476 βύρσαν
240 1428 318 1461 etc.
365 1417 479 1474 quod
513 1419 612 1467 ἴσως
643 1432 738 1457 cum
766 1419 892 1472 φαίης
931 1417 1151 1471 aptissime
1178 1417 1388 1462 cohaeret.
1454 1418 1517 1459 Ut

57 1490 185 1530 porro
216 1485 355 1516 tamen
388 1474 503 1529 quod
532 1475 639 1514 mihi
665 1474 861 1515 videatur
890 1473 1098 1526 indicem,
1156 1473 1334 1515 arbitrer
1370 1477 1514 1515 locum

57 1533 196 1573 adhuc
229 1532 379 1572 melius
408 1532 675 1581 habiturum,
709 1532 746 1571 si
777 1546 862 1571 vox
894 1530 1048 1587 βύρσαν
1078 1546 1182 1572 mox
1215 1530 1349 1583 absit,
1378 1539 1427 1571 ut
1448 1531 1512 1571 ibi

56 1605 143 1630 non
179 1590 231 1629 de
256 1586 387 1644 βύρσα
417 1592 701 1645 γλευκαγωγῷ,
734 1587 806 1628 sed
836 1588 886 1629 de
920 1589 1014 1641 ipso
1042 1587 1217 1628 homine
1250 1593 1514 1646 γλευκαγωγῷ

55 1647 111 1686 sit
135 1660 286 1697 sermo,
322 1645 530 1700 quendam
551 1661 703 1699 nempe
726 1645 840 1685 inter
857 1649 1029 1699 τεχνίτας
1057 1644 1194 1686 dicere
1212 1654 1253 1686 te
1280 1659 1416 1698 poue,
1448 1647 1511 1686 ait

51 1705 222 1754 Pollux,
254 1698 554 1759 γλευκαγωγόν·
595 1701 712 1756 quod
738 1716 789 1742 ne
815 1701 970 1756 absque
1000 1701 1254 1742 auctoritate
1273 1702 1430 1754 faciae,
1461 1703 1508 1743 in

51 1775 140 1801 eam
172 1774 257 1800 rem
288 1760 485 1801 vocabuli
516 1759 696 1799 similem
722 1762 860 1813 χρῆσιν
875 1774 927 1798 ex
949 1759 1191 1799 Plzerecrate
1210 1758 1388 1813 profert.
1447 1760 1509 1800 Et

51 1827 237 1857 nostram
274 1817 530 1858 sententiam
565 1815 737 1856 videtur
769 1815 1016 1855 confirmare
1046 1814 1146 1859 MS.
1178 1815 1252 1870 qui
1283 1813 1427 1866 habet,
1458 1825 1508 1857 ut

48 1888 175 1928 supra
216 1873 334 1924 dixi,
379 1871 651 1930 γλευκαγωγός
687 1870 711 1915 <5
744 1870 789 1914 τὸ
814 1875 978 1928 γλεῦκος
1014 1867 1084 1914 ἐπ’
1111 1869 1266 1927 ἁμάξης
1302 1871 1412 1929 ἄγων
1437 1875 1506 1917 καὶ

43 1928 295 1987 πιπράσκων.
351 1936 460 1971 Iunc.
599 1954 603 1957 ·

156 1988 177 2009 *
194 1989 389 2042 τέρευσις]
419 1986 568 2027 Codex
589 1985 819 2027 Eruditiss.
834 1986 1175 2041 Falckenburgii‚
1201 1983 1354 2038 τοξεῦς,
1379 1990 1500 2040 male,

43 2058 122 2098 pro
142 2043 306 2099 τορεύς·
346 2044 486 2084 simile
515 2043 667 2082 vitium
697 2044 889 2095 superius
920 2044 965 2082 in
1001 2047 1121 2096 Tyrio
1155 2042 1498 2095 observabamua,

43 2099 157 2154 apud
198 2115 322 2155 quem
351 2099 481 2153 ἅμαξα
511 2100 599 2138 fuit
625 2110 840 2139 exaratum
874 2115 951 2154 pro
979 2106 1143 2155 σφαῖρα.
1184 2100 1248 2140 Cl.
1281 2101 1500 2149 Kuelmiua

41 2157 220 2212 τόρευσις
239 2157 433 2198 emendat
454 2159 497 2196 in
520 2166 661 2201 textu,
704 2156 806 2196 haec
828 2167 966 2196 tamen
987 2171 1072 2197 vox
1091 2156 1143 2197 ad
1165 2157 1338 2212 linguae
1361 2157 1498 2196 Grae-‘-

40 2230 113 2255 cae
132 2215 369 2268 analogiam
386 2223 532 2255 exacta
552 2229 604 2253 an
625 2215 825 2268 ἐργαλεῖον
847 2212 1123 2270 φρεωρυχικόν
1138 2212 1338 2253 denotare
1355 2213 1497 2267 possit

41 2271 163 2313 valde
190 2270 407 2312 addubito.
448 2285 528 2326 ego
554 2271 724 2310 interim
747 2269 875 2313 MSS.
901 2281 1103 2325 sequutus
1133 2269 1326 2321 restitui,
1356 2268 1495 2311 deleta

39 2344 163 2384 quam
182 2329 354 2368 seberus
370 2327 523 2368 habuit
541 2330 722 2379 stellula,
743 2326 903 2380 τορεύς·
933 2325 1052 2382 τόρος
1069 2326 1203 2381 magia
1224 2335 1285 2367 eat
1305 2329 1495 2382 vulgare,

39 2395 82 2425 et
116 2385 176 2424 ita
202 2398 374 2439 quoque
399 2394 464 2426 est
500 2383 613 2438 apud
645 2385 956 2437 Etymologum‚
997 2385 1072 2439 qui
1101 2383 1184 2423 hoc
1218 2384 1494 2435 instrumenti

38 2444 215 2500 σκαφείῳ
243 2455 444 2496 perquam
469 2441 610 2482 simile
636 2455 725 2480 esse
749 2440 962 2482 adfirmat:
1004 2437 1235 2496 aliquando
1264 2436 1405 2496 τορός·
1446 2449 1492 2482 et

36 2500 94 2538 ita
117 2498 230 2551 apud
250 2498 430 2552 Hesyclz.
474 2497 614 2549 Τορόν,
641 2497 801 2540 λιθικὸν
822 2503 972 2548 σκεῦος,
998 2495 1027 2552 ἢ
1043 2493 1348 2553 μεγαλόφωνον·
1380 2496 1490 2552 quin

35 2565 81 2594 tu
102 2556 248 2609 potius
280 2570 333 2595 ex
354 2556 579 2595 Eustathio
603 2554 868 2598 λιθοκοπικόν
889 2559 995 2610 lege.
1053 2555 1198 2594 Idem:
1236 2551 1397 2611 Τορόῳ,
1426 2554 1490 2610 ἕρ·

34 2615 200 2668 γαλείῳ,
242 2608 341 2664 ὀξεῖ,
381 2609 541 2669 οἷκριβεῖ
579 2620 658 2654 etc.
696 2613 838 2652 malim
870 2615 1029 2668 legere:
1071 2616 1190 2670 τυρῷ.
1247 2612 1355 2651 Mox
1391 2612 1489 2662 ἴσως
