1696 3028
682 115 783 160 VII.
840 119 909 162 73.
1446 112 1530 165 329

52 231 302 291 ’πυοπῶληῄ
319 233 390 280 xva
407 230 600 284 στῦππαξ.
658 233 718 272 Et
738 233 877 286 placet
898 229 936 270 si
960 222 1271 282 στυππειοπώλης
1284 227 1416 283 legas.
1445 229 1533 268 He-

60 294 178 349 syclz.
201 290 449 343 στυππακὸν,
474 288 799 343 στυππιοπώλην.
857 293 965 327 Iuno.

174 349 531 402 στυππειοπῶλος]
572 343 909 399 στυππειοπώλης
948 354 992 386 et
1030 341 1131 383 dein
1172 338 1352 392 στῦππαξ
1386 348 1531 381 textus

61 417 210 450 noster
240 422 294 450 ex
333 405 633 449 emendatione
673 405 739 446 Cl.
777 403 966 444 Kuehnii
1004 400 1112 455 legit
1152 413 1230 453 pro
1264 398 1396 454 prior.
1427 395 1532 440 edit.

61 469 391 514 στυππειοπῶλος
406 473 450 504 et
469 460 635 513 στύπαξ.
695 461 874 504 Dudum
904 459 1010 500 haec
1031 467 1074 500 et
1098 456 1372 497 doctissimus
1393 456 1534 496 Falc-

60 523 317 578 kenburgius
337 522 384 562 in
403 535 486 562 suo
508 519 673 562 Codice
694 520 755 562 ita
777 516 1088 560 emendaverat.

175 637 382 692 ἔκλωθον]
415 637 463 681 C.
481 636 535 678 V.
556 638 706 680 αἶ’κλων
724 637 804 692 leg.
826 634 952 676 ἔκλυον
969 627 1247 684 frangebant.
1275 625 1393 683 quod
1414 640 1535 682 prae-

61 693 158 735 feto
189 697 367 751 vulgato
394 697 598 746 ἔκλωθον,
643 693 743 749 quia
773 688 1012 733 uetricibus
1040 687 1166 728 datur
1186 687 1327 727 linum
1354 685 1533 738 factum,

62 764 153 793 nou
172 751 434 806 impolitum,
457 751 501 792 id
521 761 586 794 est
608 756 845 794 στυππεῖον.
899 753 1052 788 Kum-

178 810 383 864 ἔκλωθον]
415 810 510 853 MS.
531 811 684 852 αἶ’κλων
713 822 793 863 pro
820 807 1014 850 ἔκλωθον.
1085 809 1198 847 que.

175 869 390 921 στυππεῖα]
422 865 516 910 MS.
547 868 701 907 iterum
729 860 914 907 στιππῦα.
945 872 1133 904 ceterum
1158 860 1288 919 γέρων
1318 858 1436 916 apud
1451 857 1536 903 lu-

56 924 183 970 nium
199 924 429 966 Nomencl.
457 924 695 978 exponitur
719 922 853 963 Cotus,
910 926 1023 960 Iuno.

175 981 304 1038 γέρων
334 982 543 1037 {nazaha}
572 981 707 1021 Salm.
736 995 795 1021 ex
821 976 951 1021 MSS.
975 977 1124 1035 γερέων
1145 976 1339 1021 ἐκαλεῖτο.
1366 974 1536 1030 reliqua

65 1034 210 1079 deesse
231 1039 306 1080 ait.
363 1045 513 1079 lcum.

175 1097 218 1139 ἐκ
237 1095 390 1151 ξύλου]
420 1099 554 1139 Deest
581 1095 626 1138 ἐκ
657 1094 701 1134 in
735 1092 830 1136 MS.
869 1107 959 1134 non
985 1091 1128 1134 minus
1158 1101 1288 1134 recte.
1324 1087 1448 1142 ξύλου
1467 1106 1538 1133 πε-

61 1153 300 1207 ποιημένον.
334 1165 381 1194 ut
401 1167 529 1208 supra
549 1152 654 1193 talia
679 1150 831 1192 notavi
852 1149 906 1192 ad
931 1165 977 1204 v,
1004 1163 1072 1192 20.
1106 1150 1170 1191 sic
1189 1150 1305 1190 infra
1324 1163 1434 1200 v111,
1470 1161 1538 1204 17.

63 1211 509 1266 χαλκοῦ’πεποιημὲνὰι.
566 1211 681 1250 que.

178 1275 314 1324 χεῖρας
343 1267 504 1323 “Ερμοῦ’
534 1264 787 1324 τετραγώνου
817 1265 929 1320 ἔχον]
973 1265 1107 1321 Atqui
1154 1265 1235 1306 iste
1257 1261 1410 1318 Ἑρμῆς
1444 1269 1536 1303 erat

66 1323 190 1382 ἄχειρ.
247 1325 494 1367 Phurnutus
527 1324 580 1366 de
602 1325 757 1365 Natur.
789 1323 927 1364 Deor.
960 1338 1002 1378 p.
1036 1322 1126 1378 ¹67.
1157 1321 1223 1363 ed.
1250 1322 1376 1362 Gale:
1407 1317 1537 1362 πλάτ-

65 1400 171 1425 τεται
194 1384 238 1428 δὲ
253 1385 323 1426 καὶ
343 1383 431 1438 ἅχε
446 1401 459 1426 ι
472 1400 494 1438 ρ
514 1384 582 1425 καὶ
601 1382 735 1431 ἅπους
761 1383 830 1424 καὶ
852 1381 1100 1435 τετράγωνος
1126 1385 1182 1437 τῷ
1212 1376 1376 1434 σχήματι
1396 1376 1419 1421 ὁ
1438 1375 1538 1430 Ἑρ·-

66 1444 158 1494 μῆς.
217 1441 360 1496 Quare
397 1456 475 1496 pro
508 1447 643 1496 χεῖρας
674 1440 817 1478 forsan
851 1438 1079 1494 legendum
1114 1442 1258 1491 σχῆμα.
1318 1435 1400 1477 Sed
1431 1434 1537 1476 vide

64 1497 307 1539 Hemsterh.
337 1514 380 1549 x,
407 1497 493 1543 1¹76.
523 1498 597 1537 ubi
617 1495 764 1536 laudat
783 1494 1077 1535 Eustathium.
1133 1502 1246 1536 Tour.

180 1556 312 1610 ἐπῆν]
344 1554 472 1598 MSS.
501 1551 666 1608 ὑπῆρχε.
728 1553 950 1594 Caeterum
983 1552 1034 1591 ab
1069 1552 1158 1592 illis
1193 1548 1388 1606 praeced.
1419 1543 1473 1603 ἦν
1496 1548 1538 1592 δὲ

65 1609 188 1664 ξύλου
216 1613 407 1667 (omisso
435 1613 507 1664 ἐκ)
536 1631 578 1655 π.
607 1610 841 1666 marginale
870 1621 933 1651 est
965 1609 1016 1652 C.
1053 1610 1107 1652 A.
1138 1623 1272 1666 usque
1305 1606 1359 1648 ad
1390 1605 1535 1662 ὄνομα.

65 1676 216 1714 ΚυΕΗΝ.

182 1729 315 1782 ἐπῆν]
345 1729 430 1768 Pro
454 1727 567 1780 ἐπῆν,
596 1726 694 1767 MS.
717 1721 887 1779 ὑπῆρχε.
947 1732 1057 1765 Ius-G.

182 1784 467 1839 Φερεκράτης]
499 1785 668 1824 Absunt
686 1798 709 1822 a
726 1782 776 1825 C.
797 1786 848 1822 A.
870 1797 1000 1839 usque
1015 1781 1066 1821 ad
1080 1779 1392 1836 ἐπιβεβλημένος
1405 1792 1536 1834 segm.

70 1856 155 1898 seq.
176 1842 222 1882 in
242 1841 433 1883 versibus
453 1843 726 1882 Pherecratis
737 1843 933 1895 legerem,
953 1843 1061 1883 ποίει
1081 1849 1122 1880 et
1144 1834 1215 1890 ἐφ’
1238 1856 1300 1889 ου,
1320 1837 1395 1875 sed
1411 1850 1539 1888 quam

70 1901 279 1939 celerrime
322 1913 372 1940 ex
414 1901 619 1949 seniculo,
660 1899 788 1937 telam
823 1900 989 1948 confice,
1023 1900 1069 1937 in
1098 1905 1191 1935 erat
1219 1898 1355 1935 linum
1390 1893 1436 1932 id
1458 1902 1537 1940 est,

70 1967 294 2013 postquam
322 1956 460 1996 linum
494 1956 688 1996 seniculo
716 1955 902 2011 fregisti,
933 1969 1061 2011 quam
1097 1955 1315 1995 celerrime
1345 1965 1461 1990 nunc
1479 1959 1540 1991 te-

69 2017 153 2055 lam
174 2012 329 2056 ordire.
387 2019 537 2056 Kumm.

190 2067 477 2126 Φερεκράτης]
514 2065 767 2123 Φερεκράτης
786 2079 865 2112 etc.
897 2069 1040 2110 omnia
1063 2068 1219 2109 desunt
1241 2081 1374 2123 usque
1393 2065 1445 2106 ad
1466 2064 1540 2108 λά-

73 2142 141 2172 σια
160 2143 289 2184 segm.
311 2142 397 2183 seq.
456 2128 942 2182 Myr-mecantlzroporum
968 2126 1231 2167 Plzerecratis
1263 2135 1305 2164 et
1335 2124 1437 2163 hinc
1453 2138 1538 2164 me·

71 2186 203 2228 minit
225 2186 505 2225 casaubonus
527 2194 673 2224 noster
693 2199 758 2225 vr.
778 2185 931 2227 Athen.
953 2183 993 2228 5.
1052 2185 1104 2223 In
1138 2181 1325 2238 vulgatis
1347 2195 1425 2235 pro
1443 2186 1540 2223 λασ-

73 2246 179 2293 σίοις
207 2244 268 2283 H.
298 2243 540 2296 Stephanus
573 2241 645 2280 hic
670 2241 716 2280 in
744 2255 822 2280 suo
845 2241 994 2282 codice
1023 2240 1215 2294 reposuit
1247 2241 1423 2288 λασίοις,
1453 2239 1540 2277 Ga-

66 2300 164 2341 >leni
179 2299 347 2341 Lexico
378 2300 582 2352 Hippocr.
614 2297 815 2347 adducto,
845 2299 960 2338 unde
993 2298 1039 2338 in
1070 2312 1193 2337 suum
1218 2297 1386 2337 scilicet
1404 2306 1538 2334 trans·

74 2358 250 2412 scripsit
275 2357 465 2412 optimus
488 2356 746 2410 Sylburgius‚
776 2355 838 2395 sie
859 2366 902 2396 et
927 2357 993 2399 ἐπὶ
1022 2350 1216 2397 διακόνου
1251 2367 1328 2407 pro
1360 2355 1539 2407 vulgato
1615 2369 1618 2384 2

76 2414 337 2458 ἓπιδιακονοῦ
375 2429 547 2470 quoque
577 2417 632 2455 H.
671 2412 877 2464 Stephani
922 2412 1165 2452 emendatio
1205 2421 1288 2463 est,
1327 2408 1378 2448 ab
1403 2409 1538 2462 ipsius

76 2486 206 2512 manu
230 2471 376 2511 addita
398 2471 452 2511 ad
480 2478 594 2511 oram
626 2469 692 2508 sui
724 2468 895 2513 codicis.
932 2466 1425 2523 ΊῚιεοροηιρίὈὸυσσέως
1446 2465 1541 2504 sin-

77 2528 218 2586 gulari
248 2528 411 2568 mentio
442 2538 485 2569 et
515 2526 628 2582 apud
652 2526 930 2579 Athenaeum,
960 2537 1009 2566 ut
1041 2541 1096 2566 ex
1122 2525 1362 2565 casaubono
1391 2533 1539 2562 nostro

79 2585 305 2626 adnotavit
332 2586 525 2636 Seberus‚
566 2594 608 2625 et
634 2581 749 2638 apud
775 2585 993 2637 Aristoph.
1032 2584 1256 2623 Scholiaat.
1299 2578 1344 2618 in
1371 2584 1542 2634 Σφῆκας

79 2652 168 2695 est,
207 2638 319 2699 παροὶ
351 2640 577 2700 Θεοπόμπῳ
603 2642 645 2685 ἐν
673 2637 880 2684 Ὀδυσσεῖ.
921 2639 996 2683 sed
1025 2639 1132 2681 illud
1169 2639 1235 2682 ἐπὶ
1269 2634 1460 2682 διακόνου
1483 2640 1539 2679 Η.
