1664 3016
151 114 239 155 696>
745 112 994 159 VI11.82.

153 238 276 278 quam
306 223 444 265 obiter
472 224 831 267 commentatores
859 227 993 268 nostri
1015 237 1210 283 tangunt,
1241 229 1415 268 consule
1431 228 1598 269 Micha-

151 283 251 319 elem
273 282 555 332 Apostolium·
588 292 686 321 sunt
701 292 744 322 et
765 283 838 322 alii
861 294 1026 338 praeter
1043 286 1288 335 Lai-sinum,
1320 285 1394 339 qui
1418 285 1462 324 in
1482 285 1599 324 huno

149 335 332 389 lapidem
363 335 680 393 lapidosamque
705 339 881 392 Scyrum
911 340 1199 396 impegerunt.
1232 351 1274 381 at
1298 340 1421 381 nobis
1444 341 1598 381 morari

151 405 237 432 non
265 392 397 432 lubet.
459 399 620 445 Σκῦρον
635 394 876 435 emendavit
891 398 1106 436 Kuehnius
1123 397 1174 437 ad
1198 395 1374 438 Codicis
1394 397 1461 438 sui
1482 411 1599 438 oram

148 462 226 503 pro
252 453 404 520 Κῦρον,
434 449 492 489 ita
513 452 624 490 enim
642 450 757 493 Edit.
779 452 919 492 Basa.
937 453 1126 523 aliaeque
1146 453 1277 507 prior.

261 508 304 549 οἵ
317 524 363 561 γ
371 523 393 560 ρ
413 510 736 562 φυγοὸικοῠντες,
767 518 842 549 etc.
855 509 871 562 ]
901 507 992 550 MS.
1015 507 1069 564 ἢν
1086 512 1128 552 οἷ
1144 513 1460 565 φνγοδικοῦντες
1477 507 1600 563 ἐσκή-

146 573 314 609 πτοντο,
346 565 402 612 εἰς
421 572 498 604 etc.
557 562 749 604 Ceterum
780 564 1020 630 ἐσκήπτοντο
1048 563 1256 606 Luieinus
1275 583 1307 607 1.
1326 568 1496 623 Parerg.
1533 566 1596 608 18.

148 618 219 658 hio
249 619 377 659 vertit
408 621 676 674 cogitabant.
706 635 785 676 ego
806 622 950 675 potius
970 621 1210 677 significare
1233 622 1304 663 hic
1324 633 1485 678 putem,
1513 625 1598 664 ῆη-

144 675 314 728 gebane,
334 678 609 723 simulabant,
670 677 799 732 Apud
827 679 1008 718 suidam
1025 678 1097 718 hic
1115 678 1226 718 idem
1241 693 1342 720 vero
1361 679 1476 736 quod
1499 697 1598 732 προ-

146 731 411 786 φασιζόμενοι
437 742 579 787 putem
612 748 725 784 esse,
766 744 815 774 ut
846 734 1040 775 solebant
1067 737 1107 777 οἱ
1133 738 1472 790 φυγοδικοιῖντες,
1520 736 1597 775 ubi

146 788 318 830 scribit:
349 794 461 845 Σκυρ
465 792 530 833 ίαν
549 792 688 844 δίκην·
719 793 761 833 οῖ
783 788 1048 845 σκηπτόμενοι
1076 792 1118 834 ἐν
1141 797 1225 842 ταῖς
1243 794 1390 844 δίκαις,
1421 794 1599 846 ἔφασκον

145 847 202 896 εἰς
230 844 392 901 Σκύρον
401 808 659 913 οἀποδημεῖν·
700 847 858 903 Σκύρος
895 849 936 891 δὲ
963 846 1090 902 νῆσός
1115 849 1209 891 ἔστι.
1266 847 1400 890 Valde
1429 863 1532 890 vero
1552 863 1597 890 so

144 911 342 973 torquere
371 903 434 944 ait
452 906 657 944 Lnisinus
679 903 762 944 hoc
791 904 1073 958 proverbium,
1106 904 1221 960 quod
1247 904 1359 960 apud
1375 906 1598 946 Erasmum

142 956 339 1014 legerit’
315 960 414 1014 αρχὴ
419 964 608 1026 Σκυρία,
641 975 770 1032 quum
792 961 903 1015 apud
917 961 1118 1001 Pollucem
1138 964 1304 1016 legatur
1315 961 1481 1017 Σκυρία
1489 964 1595 1015 δίκη,

144 1014 195 1055 de
221 1030 386 1058 severa:
415 1017 488 1057 illa
525 1032 623 1059 vero
653 1035 750 1072 αρχη
779 1018 830 1057 ab
861 1020 1037 1057 Erasmo
1067 1017 1120 1058 de
1149 1019 1270 1058 tenui
1298 1032 1428 1074 regno
1457 1032 1598 1072 expo-

143 1081 290 1122 natur,
318 1087 396 1113 nec
423 1087 467 1114 se
497 1073 696 1128 expedite
727 1088 851 1127 posse
884 1075 1056 1116 fatetur.
1115 1073 1196 1115 Sed
1215 1088 1294 1129 ego
1317 1088 1482 1114 causam
1505 1088 1598 1114 me·-

141 1127 282 1168 hercle
299 1143 385 1169 non
411 1129 560 1179 video,
594 1145 668 1170 cur
686 1130 760 1169 hic
780 1131 906 1169 tricas
930 1144 1191 1183 quaeramus.
1223 1130 1340 1170 aliud
1363 1131 1475 1170 enim
1496 1127 1596 1186 ἆρχή

142 1187 335 1252 vaeioe’.
351 1185 466 1226 aliud
497 1190 610 1241 δίκη·
644 1186 695 1227 de
729 1187 805 1226 illo
834 1186 1066 1239 proverbio
1101 1186 1258 1226 Suedas
1292 1187 1337 1226 in
1371 1183 1487 1242 Ἀρχη
1519 1193 1597 1233 Σκ.

141 1243 194 1281 Et
214 1241 357 1295 potuit
376 1242 429 1283 ob
456 1244 621 1284 insulae
643 1242 893 1284 tenuitatem
918 1253 958 1282 et
977 1243 1270 1297 asperitatem,
1299 1242 1497 1298 quodque
1517 1254 1597 1285 ste·

139 1297 232 1336 rilis
251 1308 294 1338 et
314 1299 579 1339 infructuosa
599 1309 731 1351 esset,
761 1301 828 1342 καὶ
844 1298 1006 1354 πενιχρὰ
1035 1299 1153 1350 ideo,
1184 1313 1356 1354 regnum
1385 1313 1471 1338 non
1499 1303 1595 1339 lau-

139 1363 228 1394 tum
249 1354 292 1394 in
323 1369 371 1395 ea
402 1355 572 1411 quidem
596 1356 692 1411 quis
714 1369 899 1410 sperare,
933 1355 1004 1395 sed
1038 1365 1166 1396 tenue
1190 1369 1360 1411 quoque
1383 1364 1426 1394 et
1447 1356 1594 1409 inops.

140 1425 228 1451 non
264 1421 402 1452 tamen
433 1412 532 1452 ideo
563 1422 606 1453 et
633 1413 803 1453 crudele
831 1426 1000 1453 necesse
1022 1422 1085 1452 est
1107 1412 1259 1462 fuisse,
1288 1413 1356 1452 vel
1377 1411 1428 1452 de
1450 1413 1596 1452 crude·

138 1467 260 1508 lrtate
294 1468 543 1522 imperantis
584 1469 686 1524 quid
727 1469 970 1510 immiscere.
1031 1469 1180 1520 Scyria
1220 1481 1322 1508 vero
1355 1468 1445 1507 dice
1475 1467 1595 1522 quod

139 1523 321 1564 crudelis
356 1525 467 1565 dicta
496 1527 645 1577 fuerit,
684 1527 765 1566 alia
795 1541 885 1575 τεᾶς
932 1540 953 1565 e
973 1525 1109 1579 patria
1137 1525 1249 1565 enim
1267 1523 1332 1564 rei
1349 1523 1595 1577 exialabant,

137 1591 180 1621 et
199 1580 243 1619 in
265 1581 381 1621 illam
406 1583 586 1622 insulam
610 1597 796 1636 asperam
824 1581 1069 1627 tendebant,
1103 1580 1218 1634 quod
1239 1579 1408 1621 crudele
1429 1590 1596 1620 utrum-

137 1651 218 1692 que
258 1648 335 1679 est.
403 1640 586 1678 Primum
631 1639 777 1694 itaque
828 1638 1100 1693 proverbium
1144 1637 1308 1677 insulae
1348 1638 1594 1692 qualitatem

137 1694 342 1746 respicit:
373 1698 548 1736 alterum
568 1697 700 1751 magis
721 1710 810 1747 eos,
844 1695 918 1750 qui
942 1694 986 1733 in
1007 1694 1187 1732 insulam
1216 1693 1364 1749 fugere
1387 1693 1594 1750 cogeban-

137 1758 218 1790 tur.
276 1757 381 1790 Iuno.

249 1810 305 1856 εἷς
323 1813 501 1864 Σκῦρον,
531 1819 611 1850 etc.
624 1810 644 1862 ]
674 1811 743 1850 Pr.
765 1806 828 1848 ed.
850 1808 906 1856 εἶς
932 1805 1085 1857 Κύρον.
1145 1811 1223 1846 Seu.

247 1867 305 1915 εἰς
329 1870 506 1922 Σκῦρον,
538 1867 647 1920 etc.]
678 1865 770 1908 MS.
791 1866 846 1913 εἷς
865 1862 1042 1920 Σκύρον,
1073 1861 1103 1918 ἢ
1125 1867 1258 1918 Λῆμν.
1281 1858 1404 1906 ἄντοῦ.
1461 1870 1565 1906 Imm.

245 1979 334 2032 περὶ
355 1975 490 2033 ἀρχῆς,
522 1988 601 2020 etc.
613 1979 627 2032 ]
654 1977 705 2020 In
729 1977 822 2020 MS.
830 1926 998 2016 8gtulus
1026 1975 1157 2015 huius
1184 1975 1339 2029 capitis
1370 1976 1593 2030 prolixior,

134 2047 284 2087 nempe
305 2035 526 2080 adsumens
554 2034 756 2088 quaedam
787 2048 893 2088 quae
916 2034 1028 2072 infra
1051 2033 1182 2072 titulo
1202 2033 1417 2087 sequentis
1439 2034 1593 2087 capitis

132 2093 354 2145 leguntur,
389 2091 590 2161 quamvis
621 2100 662 2132 et
684 2090 743 2130 ibi
775 2090 818 2128 in
838 2089 928 2132 MS.
950 2090 1006 2128 sit
1028 2089 1194 2129 titulus.
1254 2088 1339 2127 Ηίο
1368 2103 1465 2130 vero
1494 2090 1593 2129 talis

134 2159 220 2187 est:
257 2148 348 2202 περὶ
374 2145 522 2202 ἀρχῆς,
552 2149 618 2189 καὶ
641 2165 720 2189 των
741 2144 941 2200 συστῦχων
962 2143 1105 2198 αὐτῆς,
1134 2143 1324 2199 ἄρχοντός
1343 2162 1404 2196 τε,
1436 2146 1502 2187 καὶ
1520 2148 1594 2188 τοῦ

133 2203 296 2257 ἄρχειν,
328 2206 395 2246 καὶ
425 2222 503 2246 των
544 2201 746 2259 α’ρχόντων
770 2201 992 2261 Ἀθήνῃσιν
1017 2200 1240 2270 ὀνόματα,
1253 2203 1319 2244 καὶ
1343 2199 1595 2256 ἀνακρίσεως

136 2264 425 2314 Θεσμοθετων,
465 2263 533 2304 καὶ
557 2260 631 2305 ὅσα
656 2263 775 2317 κοινῇ
795 2262 861 2303 καὶ
887 2263 970 2318 ἰδία
1004 2260 1165 2308 ἕκαστος
1190 2275 1322 2300 αυτων
1354 2257 1594 2316 διαπράττε-

131 2334 205 2360 ται.
264 2324 377 2360 Imm.

222 2372 440 2446 αρχοντὸς
463 2374 536 2427 τε]
576 2390 616 2416 τε
648 2372 765 2412 abest
788 2388 810 2413 a
840 2373 888 2413 C
909 2373 959 2416 Α
989 2382 1088 2427 post
1121 2370 1278 2441 ι’ίρχειν,
1309 2379 1393 2422 est,
1421 2372 1489 2414 καὶ
1512 2388 1593 2414 των

132 2426 342 2485 ἀρχόντων
367 2428 589 2503 Ἀθήνῃσιν
621 2425 794 2483 ὀνόματα
815 2427 1063 2483 ἀνακρίσεως
1089 2433 1132 2472 Θ.
1158 2430 1226 2471 και
1247 2426 1321 2470 όσα
1338 2433 1484 2477 κοινῶς
1502 2446 1538 2470 κ.
1563 2430 1590 2470 ἱ.

131 2487 198 2530 διὰ
227 2490 393 2530 εκαστον
422 2486 552 2530 αὐτῶν
580 2484 723 2542 πράττε
708 2504 803 2529 cm
838 2487 1068 2542 coniungit
1099 2486 1211 2527 enim
1235 2484 1282 2525 C.
1307 2485 1358 2523 A.
1383 2484 1461 2525 hos
1486 2485 1592 2525 duos

132 2545 287 2584 titulos
307 2555 350 2584 et
369 2553 597 2598 utrumque
618 2553 758 2595 caput.
815 2551 960 2584 Kumm.

246 2600 406 2656 ἅρχων,
441 2611 520 2644 etc.
535 2602 554 2655 ]
588 2600 636 2641 C.
664 2601 714 2639 A·
735 2603 894 2656 ἔξαρχος
922 2596 960 2642 ἆ.
985 2596 1023 2642 οἳ
1053 2596 1262 2656 συνάρχων
1282 2595 1497 2661 αρχηγέτης
1526 2595 1595 2653 καὶ
