1664 3016
641 103 764 145 vm.
819 106 896 163 65.
1433 109 1518 164 677

62 217 362 285 Etymologas,
394 217 463 256 cui
494 217 721 258 Camertem
749 216 877 258 addas
904 218 1019 260 licet.
1078 216 1230 258 Obiter
1252 216 1515 258 emaculandi

67 282 188 312 sunt.
206 268 466 340 Ἐπενεγκεῖν
492 272 592 328 δόρυ
622 275 685 317 ἐπὶ
716 278 788 327 τῆς
813 275 991 328 ἐκφορᾶς
1023 275 1088 316 καὶ
1115 288 1430 329 προσαγορευειν
1449 275 1514 317 ἐπὶ

61 333 120 386 τῷ
138 325 335 382 μνήματι·
371 329 506 370 scribe
535 330 843 386 προαγορεύειν,
876 340 926 369 ut
947 331 1239 371 Demosthenes
1264 329 1395 372 hahet
1422 344 1512 370 non
1542 335 1547 338 '

62 373 220 426 ι6ιιι61’
207 400 254 424 ιιι
264 385 337 425 ina
357 385 563 427 Oratione
586 397 734 427 contra
750 389 975 441 Euergum.

172 453 232 492 Et
255 452 514 505 praescripti
544 455 633 493 dces
671 455 719 494 ob
749 455 826 494 Ιιοο
857 453 1196 510 statuebantur-‚J
1225 452 1511 496 Ioh.⁷1{irch-

60 521 263 548 mannus:
292 510 352 548 Et
380 525 473 549 vero
499 513 790 551 collocationes
814 513 972 552 idcirco
984 513 1172 563 fiebant,
1202 520 1250 550 ut
1279 520 1510 549 cerneretur

59 573 272 616 mortuus,
303 580 438 620 acqua
467 570 507 605 ei
532 570 597 607 vis
626 569 778 620 illata,
808 568 884 611 lib.
916 584 948 611 1.
978 583 1068 623 cap.
1101 580 1166 610 12.
1196 566 1274 607 ubi
1300 569 1423 621 plura
1456 565 1509 607 de

59 620 202 662 isthoc
216 618 322 667 τίω.
378 628 461 664 San.

171 691 407 744 προθέσεις]
446 691 624 744 Interpr.
646 694 900 762 praescripti
922 692 1035 744 dies,
1076 690 1196 748 quasi
1222 690 1394 747 legisset
1408 707 1508 747 προ-

57 747 236 800 θεσμίαι.
263 746 350 789 vid.
382 747 556 800 Hesych.
576 748 620 786 in
652 745 705 790 δι’
727 749 770 791 ἐκ
792 753 957 804 θυρῶν,
987 750 1154 788 Isaeum
1172 746 1298 790 Orat.
1326 761 1433 791 vur.
1463 756 1508 788 et

0 817 15 822 ⁹
57 801 231 844 Aelian.
250 803 302 843 V.
320 804 377 843 H.
397 805 607 844 indicem·
594 819 641 843 ιιι
657 803 863 861 πρόθεσις.
919 812 1068 845 Kmum.

150 871 402 966 11προθέσεις]
449 871 548 913 MS.
586 875 692 912 male
719 874 980 929 προσθέσεις·
1030 869 1104 910 sed
1134 883 1160 913 σ
1186 883 1305 910 eraso
1333 877 1434 910 'ante
1457 875 1503 912 θ.

55 923 180 968 Deh
183 942 231 966 ac
260 929 452 983 προθέσει
476 927 561 970 vid
586 930 706 982 Lips.
734 945 768 970 ι.
799 931 987 970 Elector.
1016 926 1054 969 6.
1095 935 1137 966 et
1164 926 1425 979 Scaligerum
1451 925 1506 966 ad

58 985 256 1036 Festum,
286 984 417 1024 verbo
439 983 677 1035 conlucare,
707 984 784 1024 ubi
809 984 944 1024 disces
966 997 1056 1024 eam
1076 983 1506 1023 conlocationenLa-

58 1041 149 1079 tine
168 1015 267 1083 dici.
298 1039 404 1080 adde
424 1051 467 1081 et
491 1018 777 1080 Οαεαιιῦόηιιιη
792 1050 981 1080 nostrum
1009 1039 1062 1079 ad
1082 1041 1272 1091 Satyrum
1291 1053 1365 1079 ιιι.
1395 1040 1506 1077 Per-

56 1099 140 1144 sis,
192 1096 268 1135 ubi
296 1096 357 1136 ait
382 1098 612 1162 προθέσεως
640 1111 825 1136 caussam
865 1096 1039 1136 eandem
1070 1098 1286 1135 Pollucem
1322 1103 1506 1135 statuere

57 1167 150 1191 cum
168 1152 361 1202 Platone,
394 1154 468 1208 qui
486 1162 528 1194 et
545 1154 740 1194 meminit
759 1153 813 1193 ad
833 1153 1028 1195 charact.
1054 1152 1250 1205 Theophr.
1278 1147 1411 1207 περὶ’
1387 1168 1503 1194 αναι-

55 1211 244 1264 σθησίας.
299 1214 410 1252 que.

57 1287 61 1290 ’
168 1277 411 1330 προθέσεις]
441 1279 658 1317 Mortuum
679 1280 910 1329 conlocare,
938 1277 1232 1332 προτίθεσθαι,
1262 1276 1440 1332 fierique
1455 1276 1503 1317 id

55 1333 100 1374 in
120 1334 232 1374 atrio
252 1333 432 1384 solebat,
464 1343 512 1372 ut
546 1334 672 1374 docet
692 1336 1005 1375 Kirchmannus
1026 1333 1077 1374 de
1097 1333 1297 1374 Funerib.
1318 1334 1499 1376 Roman.

53 1390 127 1433 lib.
149 1405 182 1431 1.
208 1404 299 1444 cap.
335 1403 399 1432 12.
428 1389 574 1444 ibique
607 1401 650 1430 et
679 1391 794 1430 hunc
812 1393 1004 1430 Pollucis
1033 1393 1175 1429 locum
1200 1389 1389 1430 adducit.
1447 1390 1501 1430 Ιιι

54 1446 323 1500 imperatoris
351 1446 627 1486 consecrandi
653 1447 806 1486 ritibus
829 1447 942 1501 apud
964 1449 1203 1496 Romanos,
1234 1456 1277 1486 et
1296 1445 1369 1486 hic
1390 1446 1501 1500 fuit3

54 1510 214 1544 ceream
249 1502 452 1542 nimirum
490 1502 718 1558 imaginem
759 1518 884 1558 quam
917 1503 1174 1542 simillimam
1208 1501 1413 1543 defuncto
1452 1502 1498 1541 in

53 1559 195 1614 regiae
212 1559 427 1599 vestibulo
451 1560 757 1600 conlocabant:
781 1561 1013 1599 Heredum.
1035 1559 1110 1599 lib.
1124 1573 1183 1598 xv.
1201 1573 1291 1627 cap.
1317 1571 1355 1599 2.
1372 1562 1503 1612 κηροῦ

55 1616 97 1658 δὲ
125 1612 373 1669 πλασάμενοι
398 1613 535 1658 εἰκόνα
563 1614 694 1658 πάντα
721 1613 866 1686 ὁμοίαν
891 1621 947 1673 τῷ
979 1613 1264 1668 τετελευτηκότι
1294 1615 1359 1658 ἐπὶ
1384 1617 1501 1671 μεγί-

55 1687 148 1725 στης
172 1673 315 1725 έλεφαν
319 1676 428 1726 τίνης
449 1676 587 1727 κλίνης
607 1676 662 1722 εἷς
674 1671 785 1726 ύψος
803 1661 995 1727 ἀρθείσης
1011 1673 1271 1726 προτιθέασιν
1293 1672 1335 1713 έν
1352 1676 1404 1728 τῇ
1419 1676 1500 1714 τῶν

54 1730 262 1783 βασιλείων
276 1728 439 1785 εἰσόδῳ·
468 1730 606 1769 utitur
625 1741 667 1770 et
688 1739 859 1783 postea,
891 1730 962 1770 sed
991 1729 1156 1769 diversa
1176 1730 1395 1797 paululum
1414 1742 1498 1767 no-

54 1786 190 1835 tione,
213 1785 341 1825 verbo
357 1788 644 1839 προτίθεσθαι·
674 1788 729 1837 εἴς
744 1804 787 1829 τε
802 1786 875 1840 τήν
891 1785 1058 1840 ἀρχαίαν
1075 1802 1229 1840 αγοραν
1245 1785 1497 1838 προτιθέασι,

53 1844 210 1881 lectum
258 1842 422 1882 scilicet
461 1842 693 1883 funebrem.
767 1842 963 1897 πρόθεσις
1004 1843 1149 1896 itaque
1189 1842 1498 1895 qualiscunque

55 1899 213 1937 mortui
244 1897 290 1936 in
322 1898 540 1963 publicum
578 1901 843 1952 conlocatio,
886 1910 930 1941 et
964 1899 1062 1938 ideo
1093 1898 1168 1952 qui
1196 1899 1421 1938 Lucretiae
1451 1911 1497 1937 se

54 1955 186 2007 ipsam
214 1954 497 1994 interimentis
532 1969 681 2008 οοιριιιι
700 1957 745 1995 in
772 1957 869 1996 foro
890 1969 1169 2010 proposuere,
1198 1969 1287 1995 eam
1311 1971 1365 2009 πρ
1370 1955 1498 1996 οτίθε·

53 2018 152 2053 σθαι
181 2010 395 2052 dicuntur,
453 2009 615 2050 Addam
648 2014 847 2052 Platonis
875 2015 1014 2053 locum
1039 2011 1137 2053 libr.
1165 2026 1247 2052 xrr.
1292 1972 1365 2050 ᾶθρ
1364 2010 1496 2065 Legi-

52 2067 147 2119 bus,
179 2066 254 2120 qui
274 2066 318 2104 in
332 2066 581 2119 exponenda
602 2069 914 2109 conlocationis
937 2069 1102 2108 ratione
1123 2082 1146 2107 a
1162 2068 1333 2106 Polluce
1348 2076 1495 2107 nostro

53 2137 277 2190 parumper
304 2119 464 2163 differt:
503 2141 573 2172 τας
593 2125 634 2166 δὲ
651 2126 862 2178 προθέσεις
880 2123 1075 2194 πρότερον
1094 2124 1165 2175 μὲν
1182 2122 1235 2176 μὴ
1254 2122 1497 2177 μακρότερον

52 2177 198 2235 χρόνον
218 2181 333 2222 ἔνδον
360 2183 568 2234 γίγνεσθαι
594 2185 668 2222 τοῦ
695 2184 910 2235 δηλοῦντος
931 2180 1002 2224 τόν
1022 2199 1063 2224 τε
1084 2182 1325 2224 ἐκτεθνεῶτα
1341 2181 1406 2221 καὶ
1425 2178 1495 2220 τόν

54 2253 178 2286 ιντως
207 2236 450 2289 τεθνηκότα·
491 2246 538 2275 ut
574 2237 718 2291 itaque
753 2239 945 2292 conspici
973 2239 1110 2304 possit
1145 2251 1242 2277 vere
1279 2235 1494 2275 homiuem

53 2307 141 2332 esse
173 2291 443 2345 defunctum,
482 2291 677 2344 πρόθεσις
711 2293 800 2334 fieti
826 2295 981 2335 soluit:
1022 2295 1099 2333 illo
1129 2302 1267 2332 autem
1295 2292 1494 2329 Platonis

52 2351 162 2388 loco
170 2359 284 2390 recte
304 2350 443 2388 minus
462 2351 661 2389 elatzones
681 2351 809 2390 vertit
823 2353 999 2391 Ficinus
1012 2350 1080 2399 τὰς
1095 2349 1327 2418 πρυθέσειςτ
1357 2361 1493 2386 emen·

55 2403 127 2443 dat
145 2414 188 2445 et
209 2406 267 2444 Is.
287 2407 555 2445 casaubonus
579 2405 632 2446 ad
650 2407 765 2449 Pers.
786 2421 863 2460 pro
885 2409 1139 2452 ἐκτεθνεῶτα,
1168 2403 1217 2447 οὐ
1239 2407 1451 2446 τεθνεῶτα.
1470 2417 1477 2425 ’

163 2464 320 2541 ωρατο]
351 2473 469 2515 MSS.
465 2471 635 2543 ὁρῷτο.
690 2480 836 2514 Kumm.

165 2526 323 2584 ὁρᾶτο]
365 2528 419 2579 ὥς
447 2528 582 2588 ὦρῷτο
612 2528 635 2573 ὅ
660 2548 696 2572 ν.
726 2531 821 2571 MS.
845 2541 1010 2583 noster,
1048 2538 1096 2568 ut
1121 2528 1180 2567 ita
1212 2524 1488 2567 scribendum.

52 2591 238 2626 Iusserat.
