1664 3016
131 133 215 177 862
718 127 839 170 VIII.
903 132 999 174 153.

244 241 488 314 ἐφεσταναι]
526 239 751 295 ἆφεσταναι
786 252 1016 296 praeeunte
1050 243 1238 283 Kuehnio
1269 242 1513 296 emendavi,
1543 254 1588 287 et

132 315 233 342 mox
252 298 323 342 ἀπ’
345 297 536 352 ἀλλήλων,
570 299 685 353 quod
705 301 832 354 vulgo
853 300 1059 339 continue
1079 300 1357 342 scribebatur.

245 357 476 421 διχονοεῖν]
508 357 602 396 MS.
627 366 772 396 noster
800 355 929 396 verbo
951 358 1146 397 auctius.
1177 360 1299 411 διχον.
1322 358 1587 412 διχοφρονεῖν,

133 413 300 467 ἆλλοφρ.
358 414 416 452 Et
440 414 504 452 sic
531 416 679 467 supple
700 415 918 481 vulgatum
950 422 1218 453 contextum·
1250 413 1378 454 habes
1401 415 1512 455 enim
1533 414 1586 455 ab

133 473 211 511 illo
229 475 486 524 διχοφρονεῖν
504 484 605 509 mox
626 467 940 523 διχοφροσύνην.
974 483 1072 509 mox
1092 471 1187 509 MS.
1209 471 1365 511 vitiose
1384 472 1586 523 λέλυσθαι,

134 538 183 567 ut
205 537 248 568 et
263 527 537 581 ἅπαρτῆσθαι·
568 535 610 566 et
626 537 712 566 tum
728 524 1119 580 ἐπιδιακεχώρησθαι
1155 526 1280 567 Certe
1293 526 1376 567 hoc
1394 537 1438 568 et
1456 531 1587 585 vulgo

132 598 220 624 uon
243 593 355 624 recte
368 583 516 623 habet.
546 583 771 638 legendum
794 583 904 624 enim
926 582 1453 638 ἐπιδιακεχωρίσθαιὶιιδεε.
1483 592 1587 630 que

242 641 672 694 ἐπιδιακεχωρῆσθαι.]
704 638 793 682 MS
815 644 1135 695 διακεχωρῖσθαι.
1193 646 1275 680 Seu.

241 698 567 752 ἐπιμεμερίσθαι]
598 698 692 737 MS.
715 706 861 736 noster
886 711 963 751 pro
987 698 1294 753 ἐπιμεμερίσθαι
1311 696 1496 752 simplex
1516 714 1587 753 με-

130 755 318 811 μερίσθαι
338 753 477 795 habet.
534 761 646 793 Iuno.

237 809 576 866 διανενεμῆσθαι]
631 811 716 851 Pro
763 813 1075 866 διανενεμῆσθαι
1122 811 1216 854 MS.
1269 812 1585 864 ὃιανενομίσθαι.

129 874 315 909 quenum.

242 929 438 980 διανενεμ.
460 926 668 981 διχογνωμ.
679 925 700 980 ]
731 924 919 965 Subiicit
938 925 1269 978 Falckenburgii
1288 923 1438 965 Codex
1454 927 1586 970 διακι-

130 980 342 1038 χαρᾶχθαι.

807 1041 901 1083 153.

239 1092 286 1138 τὰ
305 1094 346 1138 δὲ
364 1093 488 1143 ἄλλα,
519 1099 667 1146 φαῦλα.
676 1095 690 1148 ]
722 1093 816 1136 MS.
836 1095 884 1138 τά
903 1093 979 1152 γὰρ
1000 1093 1112 1147 ἄλλα,
1144 1093 1386 1151 φαυλότερα
1443 1102 1548 1137 que.

240 1149 387 1222 ὅτιμὴ]
419 1151 515 1192 MS.
538 1169 598 1194 οτι
617 1169 685 1206 μη.
743 1157 824 1192 San.

237 1206 383 1262 ὅτιμὴ]
423 1209 507 1249 Pro
537 1206 667 1262 ὁτιμὴ,
697 1207 861 1250 duabus
887 1209 1067 1251 vocibus
1087 1209 1181 1249 Ms.
1207 1227 1266 1252 οτι
1283 1209 1352 1265 μὴ,
1381 1218 1432 1250 ut
1449 1219 1492 1252 et
1512 1211 1584 1259 So,

128 1265 211 1306 heri
228 1266 327 1307 MS.
385 1271 494 1304 luno.

241 1320 262 1365 ὅ
284 1320 359 1377 γὰρ
392 1317 635 1374 στασιωδης]
675 1320 768 1363 MS.
797 1332 940 1364 noster
968 1323 1163 1363 auctior:
1208 1319 1230 1364 ὅ
1251 1320 1326 1378 γὰρ
1349 1322 1582 1378 στασιωδης,

127 1380 196 1422 καὶ
216 1377 462 1431 στασιαστὴς.
491 1376 731 1429 'intimavi-oc·
762 1379 939 1420 restitue
959 1379 1105 1433 itaque
1122 1377 1166 1422 τὰ
1185 1380 1360 1423 ἐλλεῖπον
1379 1382 1580 1436 vulgatis.

127 1436 319 1476 Veniunt
349 1435 420 1474 hic
449 1435 591 1473 mihi
581 1449 625 1473 ιιι
654 1444 836 1476 mentem
867 1446 910 1476 et
939 1440 1175 1477 στασιῶται·
1213 1446 1255 1476 et
1286 1450 1374 1476 non
1406 1451 1581 1491 possum

130 1492 258 1546 quin,
288 1492 363 1531 ubi
383 1492 442 1530 ita
467 1490 682 1542 inciderit,
703 1491 912 1531 Herodoto
939 1502 1084 1531 nostro
1106 1492 1379 1535 benefaciam.
1438 1494 1582 1535 Prima

129 1550 244 1589 illius
270 1550 414 1598 Mum,
448 1563 539 1603 cap.
567 1547 628 1588 15.
647 1549 691 1586 in
711 1549 906 1589 Historia
933 1549 1094 1602 Gygis;
1125 1549 1199 1588 ubi
1217 1549 1266 1588 ab
1289 1564 1340 1590 eo
1359 1564 1481 1591 suum
1506 1565 1582 1591 re-

128 1620 220 1661 gem
239 1606 510 1645 interfectum
534 1604 714 1660 indigne
734 1605 877 1646 ferunt
896 1605 1027 1659 Lydi,
1047 1605 1150 1646 etad
1172 1619 1282 1645 arma
1304 1618 1578 1658 concurrunt,

128 1662 402 1716 paciscuntur
427 1671 588 1711 tamen,
622 1665 870 1717 συνέβησαν,
899 1663 986 1715 ait,
1019 1662 1058 1711 ἐς
1079 1660 1109 1704 τ’
1113 1660 1216 1705 misni
1237 1664 1279 1706 οἳ
1292 1680 1332 1707 τε
1348 1668 1422 1706 τοῦ
1441 1665 1580 1720 Γυγέω

127 1722 358 1771 στρατιῶται
384 1719 451 1760 καὶ
481 1720 523 1760 οἷ
547 1720 680 1760 λοιποὶ
702 1721 860 1769 Λυδοὶ,
893 1729 973 1759 etc.
1012 1720 1117 1758 falsa
1137 1733 1223 1759 vox
1243 1725 1488 1774 στρατιῶται,
1530 1731 1581 1761 ut

128 1775 348 1815 admonuit
369 1789 434 1815 me
457 1776 696 1814 Salmasius
716 1791 844 1825 meus,
876 1785 918 1814 et
939 1775 1162 1831 legendum
1184 1790 1273 1816 esse
1298 1777 1578 1829 certissimum

128 1832 188 1871 ait
211 1846 433 1880 στασιωται,
450 1841 498 1870 ut
521 1833 734 1872 invenerit
753 1833 797 1871 in
820 1833 916 1877 MS.
938 1833 1139 1872 Palatino
1154 1848 1166 1885 3
1197 1846 1274 1873 nec
1288 1833 1411 1874 aliter
1425 1827 1579 1889 legisse

137 1889 322 1937 Vallum,
357 1889 428 1943 qui
451 1889 605 1929 vertit:
649 1892 839 1929 convenit
862 1893 972 1928 inter
994 1890 1068 1928 hos
1091 1904 1143 1928 ac
1154 1863 1393 1940 ’factionem
1413 1891 1580 1944 Gygia-

127 1960 248 1994 nam,
289 1954 370 1985 etc.
430 1948 487 1986 Et
516 1959 616 1984 sane
646 1946 710 1984 nil
737 1947 882 1985 verius
916 1955 1004 1987 est:
1036 1960 1113 1986 nec
1134 1945 1293 1986 milites
1316 1947 1390 1988 ille
1411 1950 1578 1987 satelles

127 2001 266 2040 adhue
294 2004 534 2056 collegerat.
595 2002 719 2041 Amat
747 2002 808 2041 sic
840 2002 903 2041 uti
922 2002 1160 2042 Herodotus
1184 2002 1268 2042 hoc
1294 2004 1468 2044 nomine
1498 2018 1576 2058 pro

127 2057 320 2098 eiusdem
346 2059 548 2097 factionis
569 2059 723 2099 sociis·
755 2069 798 2099 et
817 2059 938 2098 loca‘
927 2074 971 2097 ιιι
992 2073 1042 2098 eo
1064 2069 1211 2099 extant
1228 2062 1359 2112 plura.
1399 2061 1576 2100 Prorsus

126 2124 175 2154 ut
194 2114 280 2161 hic,
295 2132 366 2157 του
351 2115 519 2170 Τυγέω
543 2120 774 2165 στασιῶται,
805 2116 862 2154 ita
884 2116 1041 2154 Thalia
1061 2130 1151 2170 cap.
1179 2115 1266 2157 144.
1281 2118 1405 2158 otto&
1413 2123 1577 2160 Matav-

126 2172 241 2223 δρίου
275 2176 504 2214 στασιῶται·
547 2182 590 2210 et
626 2173 890 2225 Terpsichore
918 2186 1008 2225 cap.
1044 2184 1110 2227 72.
1135 2178 1237 2214 τοῖσι
1254 2170 1470 2230 Ἰσαγόρεω
1489 2188 1578 2216 στα-

125 2225 285 2285 σιώτῃσι
315 2238 392 2270 etc.
435 2229 503 2271 καὶ
525 2247 545 2272 ο
562 2226 775 2285 Ἰσαγόρης
793 2229 858 2271 καὶ
881 2230 923 2271 οἷ
938 2234 1150 2271 στασιωται
1166 2226 1301 2273 αυτοῦ.
1360 2230 1442 2271 Sed
1462 2245 1485 2272 e
1506 2231 1579 2270 di-

125 2271 367 2324 verticulo'
354 2299 399 2324 ιιι
423 2286 548 2326 viam.
606 2292 717 2325 Imm.

233 2359 298 2384 και
317 2340 360 2384 τὸ
382 2341 638 2397 ταοαχώόης]
677 2342 770 2386 MS.
797 2343 864 2385 καὶ
889 2340 932 2386 τὸ
950 2346 1198 2396 ταραχῶδες·
1237 2353 1279 2383 et
1298 2343 1358 2382 sic
1384 2343 1578 2384 scriben-

124 2396 233 2437 dum
243 2409 376 2452 puto:
407 2399 510 2438 alias
533 2401 642 2438 enim
665 2399 857 2449 dixisset,
878 2399 1017 2450 credo,
1037 2410 1085 2439 ut
1105 2400 1176 2441 hic
1194 2400 1298 2439 alias
1325 2403 1447 2447 solet,
1471 2419 1536 2443 και
1556 2397 1578 2444 ὅ

121 2453 363 2508 ταραχώδης,
394 2455 466 2495 sed
486 2457 676 2496 sustineo
704 2467 858 2508 tamen,
892 2471 1021 2510 quum
1046 2471 1144 2495 mox
1166 2456 1249 2496 hoc
1272 2461 1492 2512 ταραχῶδες
1515 2473 1575 2498 se-

123 2523 291 2565 quatur.
349 2520 455 2552 IUNG.

233 2567 558 2643 φιλαπεχθημ-,ωμ
573 2570 591 2623 ]
626 2568 828 2610 Mendose
848 2569 942 2610 MS.
964 2572 1280 2622 φιλαπεχθίμων.
1339 2575 1444 2610 Iunc.

234 2627 275 2667 ἐν
293 2630 406 2684 χρεία
422 2632 493 2668 τοῦ
519 2624 716 2681 ὀνόματος
740 2636 816 2666 etc.
832 2627 851 2680 ]
893 2626 985 2670 MS.
1012 2629 1122 2684 χρεία
1152 2625 1193 2668 τ’
1214 2626 1368 2681 οὕνομα
1388 2624 1410 2671 ὅ
1436 2622 1502 2669 «iz.
1535 2638 1578 2668 et
