1664 3016
183 113 266 157 674
787 109 909 150 VIII.
967 112 1035 155 63.

184 238 302 266 more
316 220 552 276 exscripsit.
583 222 837 275 Harpocrat.
851 221 896 262 in
910 221 1150 277 ἕκκλητεύειν
1167 233 1209 266 et
1228 224 1349 267 Suid.
1362 225 1407 266 in
1428 225 1633 280 ἔκκλητον.

186 296 284 336 ergo
306 281 415 322 δίκαι
437 280 620 331 ἔκκλητοι
639 288 740 317 sunt
770 293 919 319 causae
949 279 1001 319 ad
1033 281 1301 337 peregrinum
1326 285 1395 324 vel
1415 283 1534 323 aliud
1553 282 1634 323 do'-

184 336 405 378 monicum
425 334 615 375 tribunal
640 344 853 375 evocatae.
911 343 1058 376 Kumm.

293 393 470 445 ἔκκλητοι
497 391 632 444 δίκαι]
669 392 848 443 Hesych.
873 392 1086 447 ’Ἐκκλητοι
1113 395 1232 446 δίκαι,
1262 396 1306 437 αἱ
1326 395 1390 438 ἐπὶ
1417 395 1533 448 ξένης
1563 399 1635 437 λε-

182 447 359 505 γόμεναι,
390 448 458 490 καὶ
480 446 554 490 οὐκ
574 449 617 489 ἐν
638 452 688 502 τῇ
703 444 824 491 πόλει.
856 448 1019 504 itaque,
1052 450 1087 489 si
1105 452 1310 504 Hesychia
1331 451 1453 491 fidem
1473 451 1635 491 habea-

182 520 287 554 mus,
323 506 506 558 ἔκκλητος
525 506 614 557 δίκη
635 505 804 556 proprie
838 505 989 557 fuerit,
1032 505 1082 546 de
1101 521 1182 562 qua
1202 516 1477 561 provocatum
1496 518 1558 548 est
1580 507 1635 547 ad.

181 561 371 601 tribunal
393 575 427 601 e.
448 575 489 616 g.
514 562 682 600 Atticae
712 560 1003 601 iurisdictioni
1026 576 1111 602 non
1143 563 1397 604 obnoxium:
1431 573 1474 603 at
1503 563 1632 604 ceteri

189 618 472 659 Grammatici
493 616 546 656 de
570 616 722 671 quavis
746 617 999 671 simpliciter
1034 619 1343 671 provocatione
1366 619 1631 675 intelligunt.

181 672 226 718 td
246 675 288 717 δὲ
303 670 400 716 αὐτὸ
425 675 494 717 καὶ
519 675 703 727 ἕκκλητος
730 679 922 725 καλεῖται,
954 675 1098 729 inquit
1129 677 1393 729 Etymologus
1423 675 1468 716 in
1487 678 1633 728 ἔφεσις.

183 740 226 771 et
246 731 291 770 in
307 728 491 785 Ἐφέται,
521 728 550 784 ἢ
567 729 627 773 ὅτι
645 732 780 783 ἔφεσις
795 727 895 785 παρ’
917 729 1052 773 αὐτῶν
1074 727 1122 773 οὗ
1141 733 1304 774 δύναται
1321 734 1376 782 εἰς
1396 730 1494 775 {ino
1517 736 1636 775 δικα-

183 785 344 841 στήριον
364 788 567 844 γενέσθαι,
593 788 804 838 τουτέστιν,
835 789 1042 841 &almogu-
1067 788 1156 827 vid.
1177 798 1220 829 et
1247 791 1634 841 Harpen-rationem

182 844 228 883 in
237 842 418 898 ”Εφεσις.
450 844 696 884 Aristoteles
712 843 949 885 Oeconom.
969 845 1063 884 libr.
1087 860 1140 886 11.
1162 858 1253 899 cap.
1275 857 1313 886 2.
1333 846 1400 889 καὶ
1416 844 1486 896 τὰς
1499 844 1634 900 ἐκκλή-

180 918 276 951 τους
298 898 374 955 μετ’
397 902 595 955 ἐπιτιμίου
617 895 686 952 ἐφ’
711 897 835 943 αὖτόν
858 898 1111 955 ποιούμενος.

294 958 420 1009 Quod
443 960 490 997 in
520 958 870 1010 appellationibus
907 958 1125 1012 apondeb]
1172 955 1424 1013 παραβόλων
1449 959 1634 1012 'proprie

181 1014 397 1070 significat
411 1016 590 1066 pignus,
622 1017 668 1052 in
690 1015 801 1065 quod
819 1018 986 1066 sponsio
994 1016 1070 1065 stt,
1099 1024 1148 1054 ut
1171 1029 1259 1055 non
1283 1017 1420 1054 solum
1443 1029 1466 1056 e
1488 1015 1632 1068 Phry..

181 1071 302 1111 nic-ho
327 1075 443 1126 (pag.
462 1069 549 1123 58.)
574 1071 804 1126 colligitur,
831 1070 905 1110 sed
924 1071 1049 1111 etiam
1074 1085 1130 1110 ex
1158 1071 1292 1112 veteri
1311 1070 1424 1110 libro
1436 1073 1633 1110 Astram-

175 1128 339 1180 psyclzi,
382 1128 429 1167 in
461 1141 547 1182 quo
580 1126 724 1166 crebro
752 1125 836 1167 hoc
867 1127 1066 1179 iteratur,
1096 1126 1345 1183 παραβόλων
1369 1127 1456 1179 θὲς,
1487 1128 1636 1180 depone

176 1187 349 1238 pignus,
378 1186 426 1223 in
449 1183 562 1238 quod
574 1186 740 1235 sponsio
744 1184 817 1232 fic.
850 1182 979 1223 Ovid.

454 1264 507 1273 -
525 1249 564 1279 et
583 1249 632 1279 uc
655 1240 814 1289 credar,
839 1243 1022 1292 pignora
1044 1249 1158 1279 certa
1182 1240 1303 1283 dabo.

179 1298 246 1341 καὶ
266 1299 335 1341 ’ἵνα
363 1301 544 1347 τοιοῦτος
567 1301 789 1351 πιστευθῶ,
819 1295 1068 1352 παραβόλων
1089 1295 1208 1351 θήσω
1223 1312 1232 1321 ·
1269 1312 1293 1339 e
1314 1297 1430 1338 notis
1452 1297 1548 1339 Viri
1570 1298 1634 1340 11-

178 1358 300 1400 lustr,
320 1353 374 1395 ad
395 1355 699 1408 Phrynicham.
756 1358 839 1392 Snn.

290 1411 567 1466 παραβόλων]
600 1408 646 1451 C.
667 1411 718 1449 A.
737 1407 974 1464 παράβολιν.
1004 1410 1183 1462 Hesych.
1202 1408 1450 1466 παραβόλων
1461 1410 1505 1448 in
1532 1411 1633 1452 ἕπω-

179 1469 288 1525 βελίοι
310 1482 363 1508 ex
382 1468 645 1508 correctione
664 1467 887 1517 Sama-eii,
920 1466 996 1520 qui
1016 1467 1195 1507 Aristot.
1216 1469 1357 1507 locum
1371 1467 1416 1506 in
1442 1466 1632 1507 Oeoume-

178 1529 275 1566 nico
302 1533 447 1565 mouet
465 1538 566 1566 esse.
625 1530 771 1564 Kumm.
1396 1529 1398 1532 ’

288 1580 563 1637 παραβόλων]
603 1581 788 1621 Nunnes.
815 1578 868 1619 ad
895 1579 1124 1633 Phrynich.
1147 1579 1296 1637 Eclog.
1326 1595 1357 1622 1.
1379 1579 1423 1619 in
1447 1578 1530 1620 boc
1549 1594 1632 1620 vo-

179 1638 328 1680 cabulo
348 1639 409 1678 ait
427 1636 595 1679 Polluci
617 1636 662 1675 id
681 1651 771 1676 esse
793 1637 1035 1689 sportulam,
1067 1650 1175 1689 quae
1197 1639 1244 1674 in
1258 1639 1555 1688 provocatione
1573 1636 1634 1676 ad

177 1696 296 1736 aliud
310 1695 518 1735 iudicium
535 1694 589 1733 ab
609 1695 868 1746 appellatore
887 1692 1180 1743 deponebatur.
1236 1699 1337 1734 Iuno.

291 1751 560 1806 παραβόλων]
599 1751 678 1789 Est
712 1751 856 1802 itaque
876 1748 1123 1802 παραβόλων
1146 1748 1317 1801 proprie
1338 1747 1382 1787 id
1405 1749 1627 1801 pecuniae,

177 1808 307 1864 quod,
338 1809 410 1864 qui
430 1816 655 1863 provocat,
686 1805 878 1859 deponit,
910 1801 990 1847 ἆπό
1010 1810 1085 1846 τοῦ
1104 1804 1440 1859 παραβάλλεσθαι,
1473 1808 1629 1857 aperi-

176 1866 385 1905 clitando:
418 1864 629 1904 concinne
649 1862 824 1902 omnino
843 1879 853 1909 3
888 1861 1098 1915 siquidem
1121 1861 1194 1914 qui
1216 1861 1265 1901 de
1285 1875 1421 1912 causa,
1442 1876 1523 1915 qua
1544 1861 1627 1900 iam

177 1922 397 1962 ceciderat.
435 1919 784 1974 provocationem
812 1917 941 1965 facit,
975 1928 1095 1957 tanto
1117 1917 1248 1972 magis
1271 1916 1321 1957 de
1343 1918 1527 1972 pecunia
1550 1917 1629 1956 de·-

175 1979 316 2032 posita
336 1977 613 2031 periclitatur,
646 1984 804 2028 quanto
830 1988 954 2013 causa
976 1974 1067 2014 eius
1092 1974 1174 2012 iam
1200 1973 1383 2014 deterior
1402 1973 1490 2012 fuit
1520 1974 1627 2015 visa.-

175 2033 410 2080 abutuntur
432 2032 564 2087 igitur
584 2031 663 2070 hac
683 2045 809 2080 voce,
842 2031 915 2085 qui
938 2045 1014 2084 pro
1044 2030 1192 2085 quavis
1220 2031 1413 2087 ἐπωβελίᾳ
1442 2040 1625 2084 ponunt.

176 2090 339 2131 diversa
359 2091 578 2142 paululum
603 2096 664 2128 est
682 2086 762 2125 hac
784 2088 828 2125 in
850 2101 893 2127 re
927 2088 983 2129 Gt.
1012 2087 1218 2126 salmasii
1240 2087 1476 2138 sententia,
1503 2101 1626 2142 quam

166 2150 286 2202 'leges
309 2145 359 2185 de
378 2144 511 2185 Modo
532 2145 659 2184 Usur.
686 2158 728 2196 p.
754 2141 815 2184 15.

285 2200 470 2256 ἕμμηνοι]
485 2200 692 2252 Har-puer.
709 2201 875 2254 ἕμμηνοι
888 2201 993 2242 δίκαι
1010 2201 1102 2242 αἵτε
1122 2199 1334 2253 ἐμπορικαὶ
1352 2199 1418 2240 καὶ
1428 2198 1622 2251 ἔρανικαί.

174 2259 221 2300 C.
245 2259 294 2301 Α.
313 2257 342 2312 ἢ
360 2262 438 2300 τῶν
456 2254 545 2312 παρ’
570 2258 777 2311 ἐμπορίου.
819 2257 1034 2298 Βεηιοεεῖι.
1056 2255 1253 2296 adversus
1274 2257 1532 2307 Apaturium
1547 2254 1626 2293 di-

174 2317 248 2364 cit,
281 2314 440 2354 iudicia
465 2314 518 2354 de
538 2313 744 2352 naucleris
765 2321 807 2353 et
840 2312 1143 2352 mercatoribus
1167 2312 1299 2351 fuisse
1315 2311 1498 2365 singulis
1510 2326 1625 2351 men-

172 2373 288 2412 sibus
310 2387 332 2411 a
355 2370 654 2410 Boedromione
672 2383 802 2425 usque
828 2369 880 2409 ad
897 2370 1227 2423 Munychionem‚
1257 2368 1302 2406 in
1324 2367 1479 2422 quibus
1503 2382 1626 2408 men-

171 2429 286 2468 sibus
303 2436 423 2469 erant
443 2427 571 2466 maria
597 2429 750 2467 clausa.
808 2433 952 2466 Kunrm.

281 2483 470 2539 ἔμμηνοι]
486 2485 570 2524 *De
588 2482 654 2522 his
675 2492 716 2522 et
733 2483 877 2536 Sigon.
898 2482 1092 2522 meminit
1107 2473 1184 2525 lib.
1199 2496 1273 2522 111.
1289 2478 1339 2519 de
1349 2479 1456 2534 Rep.
1468 2480 1623 2522 Athen.

172 2549 487 2654 cap-&zynzlitii-
524 2595 612 2651 Qui
631 2594 713 2634 >has
741 2595 840 2636 lites
871 2594 1222 2645 introducebant,
1255 2593 1468 2648 ἐπαγωγεῖς
1495 2592 1618 2642 dicti,
