<?xml version="1.0" encoding="UTF-8"?>
<!DOCTYPE html PUBLIC "-//W3C//DTD XHTML 1.0 Transitional//EN"
    "http://www.w3.org/TR/xhtml1/DTD/xhtml1-transitional.dtd">
<html xmlns="http://www.w3.org/1999/xhtml" xml:lang="en" lang="en">
 <head>
  <title>
</title>
<meta http-equiv="Content-Type" content="text/html;charset=utf-8" />
  <meta name='ocr-system' content='tesseract 3.04.00' />
  <meta name='ocr-capabilities' content='ocr_page ocr_carea ocr_par ocr_line ocrx_word'/>
</head>
<body>
  <div class='ocr_page' id='page_1' title='image "./p1onomastic05polluoft_0597.png"; bbox 0 0 1664 3016; ppageno 0'>
   <div class='ocr_carea' id='block_1_1' title="bbox 630 148 1517 194">
    <p class='ocr_par' dir='ltr' id='par_1_1' title="bbox 630 148 1517 194">
     <span class='ocr_line' id='line_1_1' title="bbox 630 148 1517 194; baseline 0.007 -7"><span class='ocrx_word' id='word_1_1' title='bbox 630 169 639 178; x_wconf 78' lang='lat'><strong>·</strong></span> <span class='ocrx_word' id='word_1_2' title='bbox 661 148 783 191; x_wconf 88' lang='lat' dir='ltr'><strong>VIII.</strong></span> <span class='ocrx_word' id='word_1_3' title='bbox 841 153 910 193; x_wconf 82' lang='lat'><em>31.</em></span> <span class='ocrx_word' id='word_1_4' title='bbox 1434 151 1517 194; x_wconf 82' lang='lat'><em>625</em></span> 
     </span>
    </p>
   </div>
   <div class='ocr_carea' id='block_1_2' title="bbox 32 259 1521 2698">
    <p class='ocr_par' dir='ltr' id='par_1_2' title="bbox 32 259 1521 2698">
     <span class='ocr_line' id='line_1_2' title="bbox 172 259 1512 317; baseline -0.004 -10"><span class='ocrx_word' id='word_1_5' title='bbox 172 260 415 317; x_wconf 66' lang='grc' dir='ltr'><strong><em>κακώσεως]</em></strong></span> <span class='ocrx_word' id='word_1_6' title='bbox 459 261 609 302; x_wconf 74' lang='lat' dir='ltr'><em>Malao</em></span> <span class='ocrx_word' id='word_1_7' title='bbox 644 261 938 309; x_wconf 76' lang='lat' dir='ltr'><em>tractationis,</em></span> <span class='ocrx_word' id='word_1_8' title='bbox 977 259 1285 316; x_wconf 75' lang='lat' dir='ltr'><em>quando&#39;uxor</em></span> <span class='ocrx_word' id='word_1_9' title='bbox 1316 260 1512 307; x_wconf 80' lang='lat' dir='ltr'><em>maritum</em></span> 
     </span>
     <span class='ocr_line' id='line_1_3' title="bbox 61 317 1352 390; baseline -0.003 -29"><span class='ocrx_word' id='word_1_10' title='bbox 61 329 242 371; x_wconf 71' lang='lat' dir='ltr'><em>accusat,</em></span> <span class='ocrx_word' id='word_1_11' title='bbox 262 318 379 390; x_wconf 49' lang='lat' dir='ltr'><em>ffuod</em></span> <span class='ocrx_word' id='word_1_12' title='bbox 403 317 594 373; x_wconf 83' lang='lat' dir='ltr'><em>indignis</em></span> <span class='ocrx_word' id='word_1_13' title='bbox 618 317 755 357; x_wconf 87' lang='lat' dir='ltr'><em>modis</em></span> <span class='ocrx_word' id='word_1_14' title='bbox 776 317 826 356; x_wconf 90' lang='lat' dir='ltr'><em>ab</em></span> <span class='ocrx_word' id='word_1_15' title='bbox 845 331 896 358; x_wconf 89' lang='lat' dir='ltr'><em>eo</em></span> <span class='ocrx_word' id='word_1_16' title='bbox 929 327 1147 358; x_wconf 83' lang='lat' dir='ltr'><strong>tractetur.</strong></span> <span class='ocrx_word' id='word_1_17' title='bbox 1204 324 1352 361; x_wconf 67' lang='lat' dir='ltr'><em>Kmmn.</em></span> 
     </span>
     <span class='ocr_line' id='line_1_4' title="bbox 169 374 1515 428; baseline -0.004 -8"><span class='ocrx_word' id='word_1_18' title='bbox 169 390 395 426; x_wconf 85' lang='grc' dir='ltr'><strong><em>κακωσεως,</em></strong></span> <span class='ocrx_word' id='word_1_19' title='bbox 424 375 598 428; x_wconf 78' lang='grc' dir='ltr'><strong><em>κλοπῆς]</em></strong></span> <span class='ocrx_word' id='word_1_20' title='bbox 624 374 690 413; x_wconf 84' lang='lat' dir='ltr'><em>Ita</em></span> <span class='ocrx_word' id='word_1_21' title='bbox 711 381 796 423; x_wconf 86' lang='grc' dir='ltr'><strong><em>ταῖς</em></strong></span> <span class='ocrx_word' id='word_1_22' title='bbox 814 377 1029 423; x_wconf 79' lang='grc' dir='ltr'><strong><em>ἰδιωτικαῖς</em></strong></span> <span class='ocrx_word' id='word_1_23' title='bbox 1049 377 1179 424; x_wconf 82' lang='grc' dir='ltr'><strong><em>δίκαις</em></strong></span> <span class='ocrx_word' id='word_1_24' title='bbox 1201 376 1356 414; x_wconf 77' lang='lat' dir='ltr'><em>Pollux</em></span> <span class='ocrx_word' id='word_1_25' title='bbox 1372 384 1515 415; x_wconf 85' lang='lat' dir='ltr'><em>noster</em></span> 
     </span>
     <span class='ocr_line' id='line_1_5' title="bbox 61 429 1512 488; baseline -0.004 -12"><span class='ocrx_word' id='word_1_26' title='bbox 61 436 178 488; x_wconf 75' lang='grc' dir='ltr'><strong><em>δίκην</em></strong></span> <span class='ocrx_word' id='word_1_27' title='bbox 198 430 413 481; x_wconf 77' lang='grc' dir='ltr'><strong><em>κακώσεως</em></strong></span> <span class='ocrx_word' id='word_1_28' title='bbox 438 442 481 474; x_wconf 84' lang='lat' dir='ltr'><em>et</em></span> <span class='ocrx_word' id='word_1_29' title='bbox 505 436 652 485; x_wconf 82' lang='grc' dir='ltr'><strong><em>κλοπῆς</em></strong></span> <span class='ocrx_word' id='word_1_30' title='bbox 675 441 878 481; x_wconf 79' lang='lat' dir='ltr'>accenset,</span> <span class='ocrx_word' id='word_1_31' title='bbox 897 446 977 487; x_wconf 88' lang='lat' dir='ltr'><em>qua</em></span> <span class='ocrx_word' id='word_1_32' title='bbox 992 429 1164 485; x_wconf 90' lang='lat' dir='ltr'><em>quidem</em></span> <span class='ocrx_word' id='word_1_33' title='bbox 1184 431 1229 470; x_wconf 90' lang='lat' dir='ltr'><em>in</em></span> <span class='ocrx_word' id='word_1_34' title='bbox 1249 445 1294 471; x_wconf 87' lang='lat' dir='ltr'><em>re</em></span> <span class='ocrx_word' id='word_1_35' title='bbox 1312 432 1407 470; x_wconf 83' lang='lat' dir='ltr'><em>falli</em></span> <span class='ocrx_word' id='word_1_36' title='bbox 1417 446 1512 471; x_wconf 90' lang='lat' dir='ltr'><em>eum</em></span> 
     </span>
     <span class='ocr_line' id='line_1_6' title="bbox 61 487 1514 547; baseline -0.003 -16"><span class='ocrx_word' id='word_1_37' title='bbox 61 500 185 547; x_wconf 78' lang='lat' dir='ltr'><em>putat</em></span> <span class='ocrx_word' id='word_1_38' title='bbox 217 491 278 532; x_wconf 81' lang='lat' dir='ltr'><em>cl.</em></span> <span class='ocrx_word' id='word_1_39' title='bbox 313 490 553 528; x_wconf 72' lang='lat' dir='ltr'><em>Salmasius</em></span> <span class='ocrx_word' id='word_1_40' title='bbox 580 487 632 527; x_wconf 84' lang='lat' dir='ltr'><em>de</em></span> <span class='ocrx_word' id='word_1_41' title='bbox 661 487 794 528; x_wconf 84' lang='lat' dir='ltr'><em>Modo</em></span> <span class='ocrx_word' id='word_1_42' title='bbox 816 488 990 528; x_wconf 84' lang='lat' dir='ltr'><em>Usurar.</em></span> <span class='ocrx_word' id='word_1_43' title='bbox 1011 501 1103 542; x_wconf 85' lang='lat' dir='ltr'>pag.</span> <span class='ocrx_word' id='word_1_44' title='bbox 1140 487 1226 528; x_wconf 73' lang='lat'><em>150.</em></span> <span class='ocrx_word' id='word_1_45' title='bbox 1249 487 1323 526; x_wconf 88' lang='lat' dir='ltr'><em>ubi</em></span> <span class='ocrx_word' id='word_1_46' title='bbox 1341 502 1400 537; x_wconf 58' lang='lat' dir='ltr'><em>ex,</em></span> <span class='ocrx_word' id='word_1_47' title='bbox 1415 489 1514 527; x_wconf 81' lang='lat' dir='ltr'><em>De·-</em></span> 
     </span>
     <span class='ocr_line' id='line_1_7' title="bbox 61 542 1514 599; baseline -0.003 -11"><span class='ocrx_word' id='word_1_48' title='bbox 61 547 266 592; x_wconf 68' lang='lat' dir='ltr'><em>mosthene</em></span> <span class='ocrx_word' id='word_1_49' title='bbox 293 555 337 587; x_wconf 87' lang='lat' dir='ltr'><em>et</em></span> <span class='ocrx_word' id='word_1_50' title='bbox 368 546 711 599; x_wconf 78' lang='lat' dir='ltr'><em>Harpocratione</em></span> <span class='ocrx_word' id='word_1_51' title='bbox 740 543 900 583; x_wconf 80' lang='lat' dir='ltr'><strong>adserit</strong></span> <span class='ocrx_word' id='word_1_52' title='bbox 926 542 1134 582; x_wconf 84' lang='lat' dir='ltr'><em>iudicium</em></span> <span class='ocrx_word' id='word_1_53' title='bbox 1162 543 1246 583; x_wconf 90' lang='lat' dir='ltr'><em>hoc</em></span> <span class='ocrx_word' id='word_1_54' title='bbox 1277 543 1408 583; x_wconf 82' lang='lat' dir='ltr'><em>fuisse</em></span> <span class='ocrx_word' id='word_1_55' title='bbox 1430 559 1514 598; x_wconf 85' lang='lat' dir='ltr'><em>pu-</em></span> 
     </span>
     <span class='ocr_line' id='line_1_8' title="bbox 47 598 1448 659; baseline -0.005 -15"><span class='ocrx_word' id='word_1_56' title='bbox 47 598 238 659; x_wconf 39' lang='lat' dir='ltr'><em>fblicum.</em></span> <span class='ocrx_word' id='word_1_57' title='bbox 297 601 405 645; x_wconf 84' lang='lat' dir='ltr'><em>Mox</em></span> <span class='ocrx_word' id='word_1_58' title='bbox 427 616 502 656; x_wconf 85' lang='lat' dir='ltr'><em>pro</em></span> <span class='ocrx_word' id='word_1_59' title='bbox 523 602 769 656; x_wconf 86' lang='grc' dir='ltr'><em>συμβολαίου</em></span> <span class='ocrx_word' id='word_1_60' title='bbox 790 604 963 654; x_wconf 85' lang='lat' dir='ltr'><em>vulgato</em></span> <span class='ocrx_word' id='word_1_61' title='bbox 985 600 1154 640; x_wconf 81' lang='lat' dir='ltr'><em>restitui</em></span> <span class='ocrx_word' id='word_1_62' title='bbox 1179 602 1448 655; x_wconf 72' lang='grc' dir='ltr'><strong><em>συμβολαίων.</em></strong></span> 
     </span>
     <span class='ocr_line' id='line_1_9' title="bbox 171 655 1515 714; baseline -0.005 -13"><span class='ocrx_word' id='word_1_63' title='bbox 171 660 340 714; x_wconf 85' lang='grc' dir='ltr'><strong><em>κλοπῆς]</em></strong></span> <span class='ocrx_word' id='word_1_64' title='bbox 369 657 414 700; x_wconf 90' lang='lat' dir='ltr'><em>C.</em></span> <span class='ocrx_word' id='word_1_65' title='bbox 435 659 486 699; x_wconf 86' lang='lat' dir='ltr'><em>A.</em></span> <span class='ocrx_word' id='word_1_66' title='bbox 509 662 683 701; x_wconf 74' lang='grc' dir='ltr'><strong><em>κλοπῶν.</em></strong></span> <span class='ocrx_word' id='word_1_67' title='bbox 718 656 816 696; x_wconf 82' lang='lat' dir='ltr'><em>dein</em></span> <span class='ocrx_word' id='word_1_68' title='bbox 846 658 940 696; x_wconf 86' lang='lat' dir='ltr'><em>sine</em></span> <span class='ocrx_word' id='word_1_69' title='bbox 962 655 1254 707; x_wconf 59' lang='lat' dir='ltr'><em>distinctione,</em></span> <span class='ocrx_word' id='word_1_70' title='bbox 1287 656 1348 696; x_wconf 87' lang='lat' dir='ltr'><em>ita</em></span> <span class='ocrx_word' id='word_1_71' title='bbox 1367 666 1409 697; x_wconf 88' lang='lat' dir='ltr'><em>et</em></span> <span class='ocrx_word' id='word_1_72' title='bbox 1421 658 1515 697; x_wconf 79' lang='lat' dir='ltr'><em>Sal.</em></span> 
     </span>
     <span class='ocr_line' id='line_1_10' title="bbox 60 713 1514 771; baseline -0.004 -13"><span class='ocrx_word' id='word_1_73' title='bbox 60 732 169 759; x_wconf 69' lang='lat' dir='ltr'><em>maa.</em></span> <span class='ocrx_word' id='word_1_74' title='bbox 188 720 408 771; x_wconf 77' lang='grc' dir='ltr'><strong><em>συνθηκῶν</em></strong></span> <span class='ocrx_word' id='word_1_75' title='bbox 433 714 707 770; x_wconf 78' lang='grc' dir='ltr'><strong><em>παραβάσεως.</em></strong></span> <span class='ocrx_word' id='word_1_76' title='bbox 732 715 980 764; x_wconf 85' lang='grc' dir='ltr'><strong><em>διαδικασίας</em></strong></span> <span class='ocrx_word' id='word_1_77' title='bbox 997 713 1110 751; x_wconf 84' lang='lat' dir='ltr'><em>inter</em></span> <span class='ocrx_word' id='word_1_78' title='bbox 1129 713 1211 752; x_wconf 80' lang='lat' dir='ltr'><em>alia</em></span> <span class='ocrx_word' id='word_1_79' title='bbox 1230 723 1295 753; x_wconf 84' lang='lat' dir='ltr'><em>est</em></span> <span class='ocrx_word' id='word_1_80' title='bbox 1314 716 1428 752; x_wconf 82' lang='lat' dir='ltr'><em>actio</em></span> <span class='ocrx_word' id='word_1_81' title='bbox 1450 718 1514 754; x_wconf 85' lang='lat' dir='ltr'><em>in-</em></span> 
     </span>
     <span class='ocr_line' id='line_1_11' title="bbox 59 769 1515 825; baseline -0.005 -11"><span class='ocrx_word' id='word_1_82' title='bbox 59 776 215 814; x_wconf 71' lang='lat' dir='ltr'><em>stituta</em></span> <span class='ocrx_word' id='word_1_83' title='bbox 225 774 277 814; x_wconf 82' lang='lat' dir='ltr'><em>de</em></span> <span class='ocrx_word' id='word_1_84' title='bbox 295 787 352 824; x_wconf 78' lang='lat' dir='ltr'><em>eo,</em></span> <span class='ocrx_word' id='word_1_85' title='bbox 367 780 455 812; x_wconf 82' lang='lat' dir='ltr'><em>uter</em></span> <span class='ocrx_word' id='word_1_86' title='bbox 464 773 640 811; x_wconf 84' lang='lat' dir='ltr'><em>duorum</em></span> <span class='ocrx_word' id='word_1_87' title='bbox 657 779 776 810; x_wconf 82' lang='lat' dir='ltr'><em>actor</em></span> <span class='ocrx_word' id='word_1_88' title='bbox 786 785 844 810; x_wconf 90' lang='lat' dir='ltr'><em>an</em></span> <span class='ocrx_word' id='word_1_89' title='bbox 864 784 954 809; x_wconf 82' lang='lat' dir='ltr'><em>reus</em></span> <span class='ocrx_word' id='word_1_90' title='bbox 971 769 1204 808; x_wconf 68' lang='lat' dir='ltr'><em>muneribus</em></span> <span class='ocrx_word' id='word_1_91' title='bbox 1214 769 1515 825; x_wconf 77' lang='lat' dir='ltr'><em>publicisfan-</em></span> 
     </span>
     <span class='ocr_line' id='line_1_12' title="bbox 56 825 1515 886; baseline -0.003 -16"><span class='ocrx_word' id='word_1_92' title='bbox 56 834 110 886; x_wconf 82' lang='lat' dir='ltr'><em>gi</em></span> <span class='ocrx_word' id='word_1_93' title='bbox 126 833 264 884; x_wconf 74' lang='lat' dir='ltr'><em>magia</em></span> <span class='ocrx_word' id='word_1_94' title='bbox 288 828 348 869; x_wconf 73' lang='lat' dir='ltr'><em>sit</em></span> <span class='ocrx_word' id='word_1_95' title='bbox 367 829 551 872; x_wconf 76' lang='lat' dir='ltr'><em>idoneus.</em></span> <span class='ocrx_word' id='word_1_96' title='bbox 591 829 838 873; x_wconf 79' lang='grc' dir='ltr'><strong><em>ἐπιδικασία,</em></strong></span> <span class='ocrx_word' id='word_1_97' title='bbox 864 828 1012 879; x_wconf 81' lang='lat' dir='ltr'><em>petitio</em></span> <span class='ocrx_word' id='word_1_98' title='bbox 1034 825 1262 865; x_wconf 71' lang='lat' dir='ltr'><em>vendicans</em></span> <span class='ocrx_word' id='word_1_99' title='bbox 1277 827 1515 867; x_wconf 77' lang='lat' dir='ltr'><em>haeredita·</em></span> 
     </span>
     <span class='ocr_line' id='line_1_13' title="bbox 60 881 1515 937; baseline -0.003 -10"><span class='ocrx_word' id='word_1_100' title='bbox 60 897 142 928; x_wconf 78' lang='lat' dir='ltr'><em>tem</em></span> <span class='ocrx_word' id='word_1_101' title='bbox 165 889 234 927; x_wconf 74' lang='lat' dir='ltr'><em>vel</em></span> <span class='ocrx_word' id='word_1_102' title='bbox 247 901 296 926; x_wconf 73' lang='lat' dir='ltr'><em>ex</em></span> <span class='ocrx_word' id='word_1_103' title='bbox 318 900 437 935; x_wconf 74' lang='lat' dir='ltr'><em>asse,</em></span> <span class='ocrx_word' id='word_1_104' title='bbox 468 883 534 925; x_wconf 65' lang='lat' dir='ltr'><em>vel</em></span> <span class='ocrx_word' id='word_1_105' title='bbox 556 900 602 924; x_wconf 76' lang='lat' dir='ltr'><em>ex</em></span> <span class='ocrx_word' id='word_1_106' title='bbox 619 893 742 937; x_wconf 81' lang='lat' dir='ltr'><em>parte</em></span> <span class='ocrx_word' id='word_1_107' title='bbox 766 885 927 936; x_wconf 80' lang='lat' dir='ltr'><em>aliqua.</em></span> <span class='ocrx_word' id='word_1_108' title='bbox 967 881 1203 936; x_wconf 81' lang='grc' dir='ltr'><strong><em>μισθώσεως</em></strong></span> <span class='ocrx_word' id='word_1_109' title='bbox 1224 884 1364 933; x_wconf 80' lang='grc' dir='ltr'><strong><em>οἴκου,</em></strong></span> <span class='ocrx_word' id='word_1_110' title='bbox 1392 885 1515 923; x_wconf 77' lang='lat' dir='ltr'><em>loca-</em></span> 
     </span>
     <span class='ocr_line' id='line_1_14' title="bbox 61 937 1513 993; baseline -0.008 -9"><span class='ocrx_word' id='word_1_111' title='bbox 61 947 189 984; x_wconf 76' lang='lat' dir='ltr'><em>tionis</em></span> <span class='ocrx_word' id='word_1_112' title='bbox 209 953 250 983; x_wconf 82' lang='lat' dir='ltr'><em>et</em></span> <span class='ocrx_word' id='word_1_113' title='bbox 266 942 546 983; x_wconf 74' lang='lat' dir='ltr'><em>conductionis</em></span> <span class='ocrx_word' id='word_1_114' title='bbox 567 938 790 983; x_wconf 74' lang='lat' dir='ltr'><em>domicilii.</em></span> <span class='ocrx_word' id='word_1_115' title='bbox 820 941 1048 993; x_wconf 79' lang='grc' dir='ltr'><strong><em>ἐπιτροπῆς,</em></strong></span> <span class='ocrx_word' id='word_1_116' title='bbox 1078 940 1233 977; x_wconf 78' lang='lat' dir='ltr'><em>tutelae</em></span> <span class='ocrx_word' id='word_1_117' title='bbox 1252 937 1361 978; x_wconf 83' lang='lat' dir='ltr'><em>male</em></span> <span class='ocrx_word' id='word_1_118' title='bbox 1379 941 1513 979; x_wconf 82' lang='lat' dir='ltr'><em>admi.</em></span> 
     </span>
     <span class='ocr_line' id='line_1_15' title="bbox 60 994 1512 1054; baseline -0.001 -14"><span class='ocrx_word' id='word_1_119' title='bbox 60 1001 281 1041; x_wconf 75' lang='lat' dir='ltr'><em>nistratae.</em></span> <span class='ocrx_word' id='word_1_120' title='bbox 293 994 536 1054; x_wconf 78' lang='grc' dir='ltr'><strong><em>ἆχαριστίας,</em></strong></span> <span class='ocrx_word' id='word_1_121' title='bbox 550 997 616 1052; x_wconf 90' lang='lat' dir='ltr'><em>(C.</em></span> <span class='ocrx_word' id='word_1_122' title='bbox 631 998 679 1038; x_wconf 89' lang='lat' dir='ltr'><em>A.</em></span> <span class='ocrx_word' id='word_1_123' title='bbox 693 1006 832 1037; x_wconf 86' lang='lat' dir='ltr'><em>autem</em></span> <span class='ocrx_word' id='word_1_124' title='bbox 844 996 971 1035; x_wconf 82' lang='lat' dir='ltr'><em>habet</em></span> <span class='ocrx_word' id='word_1_125' title='bbox 984 1009 1145 1034; x_wconf 83' lang='lat' dir='ltr'><em>erasum</em></span> <span class='ocrx_word' id='word_1_126' title='bbox 1157 994 1206 1034; x_wconf 92' lang='lat' dir='ltr'><em>ab</em></span> <span class='ocrx_word' id='word_1_127' title='bbox 1222 995 1377 1048; x_wconf 79' lang='lat' dir='ltr'><em>initio)</em></span> <span class='ocrx_word' id='word_1_128' title='bbox 1387 999 1512 1048; x_wconf 84' lang='grc' dir='ltr'><strong><em>σίτου,</em></strong></span> 
     </span>
     <span class='ocr_line' id='line_1_16' title="bbox 60 1050 1513 1098; baseline -0.003 -1"><span class='ocrx_word' id='word_1_129' title='bbox 60 1054 505 1098; x_wconf 78' lang='lat' dir='ltr'><em>alimentorum&#39;causa</em></span> <span class='ocrx_word' id='word_1_130' title='bbox 533 1053 840 1094; x_wconf 82' lang='lat' dir='ltr'><strong>instituebatur</strong></span> <span class='ocrx_word' id='word_1_131' title='bbox 866 1052 980 1092; x_wconf 88' lang='lat' dir='ltr'><em>actio</em></span> <span class='ocrx_word' id='word_1_132' title='bbox 1007 1050 1057 1090; x_wconf 91' lang='lat' dir='ltr'><em>ab</em></span> <span class='ocrx_word' id='word_1_133' title='bbox 1088 1065 1221 1092; x_wconf 84' lang='lat' dir='ltr'><em>uxore</em></span> <span class='ocrx_word' id='word_1_134' title='bbox 1247 1052 1293 1091; x_wconf 90' lang='lat' dir='ltr'><em>in</em></span> <span class='ocrx_word' id='word_1_135' title='bbox 1319 1052 1513 1093; x_wconf 85' lang='lat' dir='ltr'><em>maritum</em></span> 
     </span>
     <span class='ocr_line' id='line_1_17' title="bbox 62 1108 1516 1168; baseline -0.002 -16"><span class='ocrx_word' id='word_1_136' title='bbox 62 1113 137 1168; x_wconf 86' lang='lat' dir='ltr'><em>qui</em></span> <span class='ocrx_word' id='word_1_137' title='bbox 159 1127 248 1154; x_wconf 85' lang='lat' dir='ltr'><em>eam</em></span> <span class='ocrx_word' id='word_1_138' title='bbox 263 1126 327 1152; x_wconf 84' lang='lat' dir='ltr'><em>res</em></span> <span class='ocrx_word' id='word_1_139' title='bbox 346 1126 443 1152; x_wconf 83' lang='lat' dir='ltr'><em>suas</em></span> <span class='ocrx_word' id='word_1_140' title='bbox 468 1111 552 1150; x_wconf 78' lang='lat' dir='ltr'><em>sibi</em></span> <span class='ocrx_word' id='word_1_141' title='bbox 566 1109 722 1150; x_wconf 78' lang='lat' dir='ltr'><em>habete</em></span> <span class='ocrx_word' id='word_1_142' title='bbox 742 1110 941 1158; x_wconf 51' lang='lat' dir='ltr'><em>iusseram</em></span> <span class='ocrx_word' id='word_1_143' title='bbox 971 1112 1147 1162; x_wconf 81' lang='grc' dir='ltr'><strong><em>καρποῦ,</em></strong></span> <span class='ocrx_word' id='word_1_144' title='bbox 1163 1108 1400 1148; x_wconf 72' lang='lat' dir='ltr'><em>vindicatio</em></span> <span class='ocrx_word' id='word_1_145' title='bbox 1418 1113 1516 1162; x_wconf 79' lang='lat' dir='ltr'><em>agri</em></span> 
     </span>
     <span class='ocr_line' id='line_1_18' title="bbox 45 1165 1516 1227; baseline -0.002 -18"><span class='ocrx_word' id='word_1_146' title='bbox 45 1169 356 1227; x_wconf 73' lang='lat' dir='ltr'><em>fructuumque</em></span> <span class='ocrx_word' id='word_1_147' title='bbox 368 1176 664 1221; x_wconf 81' lang='lat' dir='ltr'><em>perceptorum.</em></span> <span class='ocrx_word' id='word_1_148' title='bbox 694 1167 871 1209; x_wconf 79' lang='grc' dir='ltr'><strong><em>ἐνοικίου</em></strong></span> <span class='ocrx_word' id='word_1_149' title='bbox 885 1199 896 1217; x_wconf 94' lang='grc'><strong><em>,</em></strong></span> <span class='ocrx_word' id='word_1_150' title='bbox 920 1167 1133 1218; x_wconf 73' lang='lat' dir='ltr'><em>pensionis</em></span> <span class='ocrx_word' id='word_1_151' title='bbox 1149 1179 1225 1217; x_wconf 86' lang='lat' dir='ltr'><em>pro</em></span> <span class='ocrx_word' id='word_1_152' title='bbox 1244 1165 1361 1205; x_wconf 89' lang='lat' dir='ltr'><em>domo</em></span> <span class='ocrx_word' id='word_1_153' title='bbox 1383 1167 1516 1206; x_wconf 80' lang='lat' dir='ltr'><em>inha-</em></span> 
     </span>
     <span class='ocr_line' id='line_1_19' title="bbox 61 1220 1514 1276; baseline -0.003 -10"><span class='ocrx_word' id='word_1_154' title='bbox 61 1227 212 1266; x_wconf 83' lang='lat' dir='ltr'><em>bitata.</em></span> <span class='ocrx_word' id='word_1_155' title='bbox 241 1222 416 1275; x_wconf 71' lang='grc' dir='ltr'><strong><em>ἀδικίου,</em></strong></span> <span class='ocrx_word' id='word_1_156' title='bbox 445 1226 714 1265; x_wconf 85' lang='lat' dir='ltr'><em>iniuriarum.</em></span> <span class='ocrx_word' id='word_1_157' title='bbox 744 1223 832 1263; x_wconf 85' lang='lat' dir='ltr'><em>vid.</em></span> <span class='ocrx_word' id='word_1_158' title='bbox 853 1224 1065 1276; x_wconf 88' lang='lat' dir='ltr'><em>Harpocr.</em></span> <span class='ocrx_word' id='word_1_159' title='bbox 1091 1221 1136 1260; x_wconf 87' lang='lat' dir='ltr'><em>iu</em></span> <span class='ocrx_word' id='word_1_160' title='bbox 1160 1220 1200 1260; x_wconf 89' lang='lat' dir='ltr'><em>h.</em></span> <span class='ocrx_word' id='word_1_161' title='bbox 1226 1235 1268 1262; x_wconf 82' lang='lat' dir='ltr'><em>v.</em></span> <span class='ocrx_word' id='word_1_162' title='bbox 1299 1228 1445 1262; x_wconf 75' lang='lat' dir='ltr'><em>Kumm.</em></span> <span class='ocrx_word' id='word_1_163' title='bbox 1511 1252 1514 1254; x_wconf 88' lang='lat'><em>-</em></span> 
     </span>
     <span class='ocr_line' id='line_1_20' title="bbox 172 1277 1514 1338; baseline -0.004 -13"><span class='ocrx_word' id='word_1_164' title='bbox 172 1282 324 1338; x_wconf 79' lang='grc' dir='ltr'><strong><em>χρέους,</em></strong></span> <span class='ocrx_word' id='word_1_165' title='bbox 354 1281 626 1336; x_wconf 82' lang='grc' dir='ltr'><strong><em>συμβολαίου]</em></strong></span> <span class='ocrx_word' id='word_1_166' title='bbox 665 1280 757 1322; x_wconf 89' lang='lat' dir='ltr'><em>MS.</em></span> <span class='ocrx_word' id='word_1_167' title='bbox 785 1280 930 1334; x_wconf 81' lang='grc' dir='ltr'><strong><em>χρέως,</em></strong></span> <span class='ocrx_word' id='word_1_168' title='bbox 960 1279 1223 1332; x_wconf 82' lang='grc' dir='ltr'><strong><em>συμβολαίων.</em></strong></span> <span class='ocrx_word' id='word_1_169' title='bbox 1279 1277 1337 1319; x_wconf 88' lang='lat' dir='ltr'><em>Et</em></span> <span class='ocrx_word' id='word_1_170' title='bbox 1358 1279 1514 1319; x_wconf 76' lang='lat' dir='ltr'><em>rectius</em></span> 
     </span>
     <span class='ocr_line' id='line_1_21' title="bbox 59 1334 1516 1395; baseline -0.005 -12"><span class='ocrx_word' id='word_1_171' title='bbox 59 1340 319 1395; x_wconf 75' lang='grc' dir='ltr'><strong><em>συμβολαίων</em></strong></span> <span class='ocrx_word' id='word_1_172' title='bbox 343 1351 520 1377; x_wconf 84' lang='lat' dir='ltr'><em>numero</em></span> <span class='ocrx_word' id='word_1_173' title='bbox 552 1334 864 1385; x_wconf 86' lang='lat' dir='ltr'><em>multitudinis,</em></span> <span class='ocrx_word' id='word_1_174' title='bbox 896 1335 947 1375; x_wconf 88' lang='lat' dir='ltr'><em>de</em></span> <span class='ocrx_word' id='word_1_175' title='bbox 980 1334 1134 1390; x_wconf 86' lang='lat' dir='ltr'><em>quibus</em></span> <span class='ocrx_word' id='word_1_176' title='bbox 1164 1337 1285 1387; x_wconf 86' lang='lat' dir='ltr'><em>plura</em></span> <span class='ocrx_word' id='word_1_177' title='bbox 1313 1336 1516 1386; x_wconf 74' lang='lat' dir='ltr'><em>Sigonius</em></span> 
     </span>
     <span class='ocr_line' id='line_1_22' title="bbox 58 1390 1516 1449; baseline -0.005 -12"><span class='ocrx_word' id='word_1_178' title='bbox 58 1396 155 1438; x_wconf 83' lang='lat' dir='ltr'><strong>libr.</strong></span> <span class='ocrx_word' id='word_1_179' title='bbox 178 1411 250 1438; x_wconf 82' lang='grc' dir='ltr'><strong><em>ιιι.</em></strong></span> <span class='ocrx_word' id='word_1_180' title='bbox 270 1393 323 1435; x_wconf 87' lang='lat' dir='ltr'><em>de</em></span> <span class='ocrx_word' id='word_1_181' title='bbox 343 1394 450 1449; x_wconf 84' lang='lat' dir='ltr'><em>Rep.</em></span> <span class='ocrx_word' id='word_1_182' title='bbox 471 1392 625 1436; x_wconf 87' lang='lat' dir='ltr'><em>Athen.</em></span> <span class='ocrx_word' id='word_1_183' title='bbox 649 1407 739 1447; x_wconf 87' lang='lat' dir='ltr'><em>cap.</em></span> <span class='ocrx_word' id='word_1_184' title='bbox 765 1407 800 1434; x_wconf 86' lang='lat'><em>1.</em></span> <span class='ocrx_word' id='word_1_185' title='bbox 832 1390 908 1434; x_wconf 78' lang='lat' dir='ltr'><em>Sic</em></span> <span class='ocrx_word' id='word_1_186' title='bbox 928 1405 1026 1431; x_wconf 80' lang='lat' dir='ltr'><em>mox</em></span> <span class='ocrx_word' id='word_1_187' title='bbox 1047 1401 1088 1431; x_wconf 90' lang='lat' dir='ltr'><em>et</em></span> <span class='ocrx_word' id='word_1_188' title='bbox 1103 1395 1331 1445; x_wconf 76' lang='grc' dir='ltr'><strong><em>συνθηκῶν.</em></strong></span> <span class='ocrx_word' id='word_1_189' title='bbox 1361 1392 1516 1432; x_wconf 90' lang='lat' dir='ltr'><em>Emen-</em></span> 
     </span>
     <span class='ocr_line' id='line_1_23' title="bbox 60 1446 1514 1507; baseline -0.003 -14"><span class='ocrx_word' id='word_1_190' title='bbox 60 1452 113 1493; x_wconf 82' lang='lat' dir='ltr'><em>da</em></span> <span class='ocrx_word' id='word_1_191' title='bbox 137 1453 289 1506; x_wconf 81' lang='lat' dir='ltr'><em>itaque</em></span> <span class='ocrx_word' id='word_1_192' title='bbox 315 1452 593 1507; x_wconf 84' lang='grc' dir='ltr'><strong><em>συμβολαίων,</em></strong></span> <span class='ocrx_word' id='word_1_193' title='bbox 634 1463 713 1504; x_wconf 83' lang='lat' dir='ltr'><em>pro</em></span> <span class='ocrx_word' id='word_1_194' title='bbox 749 1452 926 1505; x_wconf 87' lang='lat' dir='ltr'><em>vulgato</em></span> <span class='ocrx_word' id='word_1_195' title='bbox 962 1449 1207 1503; x_wconf 82' lang='grc' dir='ltr'><strong><em>συμβολαίου</em></strong></span> <span class='ocrx_word' id='word_1_196' title='bbox 1236 1446 1330 1490; x_wconf 84' lang='lat' dir='ltr'><em>MS.</em></span> <span class='ocrx_word' id='word_1_197' title='bbox 1365 1458 1514 1489; x_wconf 84' lang='lat' dir='ltr'><em>nostro</em></span> 
     </span>
     <span class='ocr_line' id='line_1_24' title="bbox 32 1509 414 1562; baseline -0.01 -12"><span class='ocrx_word' id='word_1_198' title='bbox 32 1551 42 1562; x_wconf 61' lang='grc'><strong><em>,</em></strong></span> <span class='ocrx_word' id='word_1_199' title='bbox 57 1509 249 1551; x_wconf 81' lang='lat' dir='ltr'><em>iubente.</em></span> <span class='ocrx_word' id='word_1_200' title='bbox 309 1513 414 1548; x_wconf 66' lang='lat' dir='ltr'><em>que.</em></span> 
     </span>
     <span class='ocr_line' id='line_1_25' title="bbox 171 1554 1517 1617; baseline -0.005 -7"><span class='ocrx_word' id='word_1_201' title='bbox 171 1564 446 1617; x_wconf 84' lang='grc' dir='ltr'><strong><em>διαδικασίας]</em></strong></span> <span class='ocrx_word' id='word_1_202' title='bbox 476 1563 571 1604; x_wconf 87' lang='lat' dir='ltr'><em>MS.</em></span> <span class='ocrx_word' id='word_1_203' title='bbox 593 1562 842 1610; x_wconf 81' lang='grc' dir='ltr'><strong><em>διαδικασία,</em></strong></span> <span class='ocrx_word' id='word_1_204' title='bbox 874 1560 1124 1608; x_wconf 77' lang='grc' dir='ltr'><strong><em>ἐπιδικασία,</em></strong></span> <span class='ocrx_word' id='word_1_205' title='bbox 1153 1554 1412 1615; x_wconf 64' lang='grc' dir='ltr'><strong><em>μισθώσεως,</em></strong></span> <span class='ocrx_word' id='word_1_206' title='bbox 1447 1561 1517 1603; x_wconf 78' lang='grc' dir='ltr'><strong><em>οἷ’-</em></strong></span> 
     </span>
     <span class='ocr_line' id='line_1_26' title="bbox 62 1615 1516 1677; baseline -0.008 -10"><span class='ocrx_word' id='word_1_207' title='bbox 62 1639 167 1676; x_wconf 74' lang='grc' dir='ltr'><strong><em>κους</em></strong></span> <span class='ocrx_word' id='word_1_208' title='bbox 209 1622 334 1677; x_wconf 88' lang='lat' dir='ltr'><em>quasi</em></span> <span class='ocrx_word' id='word_1_209' title='bbox 362 1620 553 1662; x_wconf 86' lang='lat' dir='ltr'><em>diversae</em></span> <span class='ocrx_word' id='word_1_210' title='bbox 588 1630 731 1661; x_wconf 88' lang='lat' dir='ltr'><em>essent</em></span> <span class='ocrx_word' id='word_1_211' title='bbox 757 1615 991 1673; x_wconf 80' lang='grc' dir='ltr'><strong><em>μισθώσεως</em></strong></span> <span class='ocrx_word' id='word_1_212' title='bbox 1019 1628 1062 1658; x_wconf 86' lang='lat' dir='ltr'><em>et</em></span> <span class='ocrx_word' id='word_1_213' title='bbox 1089 1619 1218 1661; x_wconf 71' lang='grc' dir='ltr'><strong><em>οἴκου.</em></strong></span> <span class='ocrx_word' id='word_1_214' title='bbox 1258 1617 1340 1658; x_wconf 86' lang='lat' dir='ltr'><em>Sed</em></span> <span class='ocrx_word' id='word_1_215' title='bbox 1366 1618 1516 1656; x_wconf 81' lang='lat' dir='ltr'><em>Noster</em></span> 
     </span>
     <span class='ocr_line' id='line_1_27' title="bbox 62 1676 981 1733; baseline -0.004 -12"><span class='ocrx_word' id='word_1_216' title='bbox 62 1689 107 1721; x_wconf 85' lang='lat' dir='ltr'><em>et</em></span> <span class='ocrx_word' id='word_1_217' title='bbox 127 1692 251 1733; x_wconf 73' lang='lat' dir='ltr'><em>supra</em></span> <span class='ocrx_word' id='word_1_218' title='bbox 273 1694 335 1731; x_wconf 81' lang='lat' dir='ltr'><em>vr,</em></span> <span class='ocrx_word' id='word_1_219' title='bbox 357 1676 448 1733; x_wconf 83' lang='lat'><strong>178.</strong></span> <span class='ocrx_word' id='word_1_220' title='bbox 474 1680 672 1731; x_wconf 82' lang='grc' dir='ltr'><strong><em>μίσθωσις</em></strong></span> <span class='ocrx_word' id='word_1_221' title='bbox 691 1677 822 1719; x_wconf 71' lang='grc' dir='ltr'><strong><em>οἴκου.</em></strong></span> <span class='ocrx_word' id='word_1_222' title='bbox 878 1681 981 1717; x_wconf 64' lang='lat' dir='ltr'><strong>Iuno.</strong></span> 
     </span>
     <span class='ocr_line' id='line_1_28' title="bbox 174 1729 1516 1786; baseline -0.006 -7"><span class='ocrx_word' id='word_1_223' title='bbox 174 1737 448 1786; x_wconf 84' lang='grc' dir='ltr'><strong><em>διαδικασίας,</em></strong></span> <span class='ocrx_word' id='word_1_224' title='bbox 479 1736 548 1776; x_wconf 79' lang='grc' dir='ltr'><em>καὶ</em></span> <span class='ocrx_word' id='word_1_225' title='bbox 569 1735 842 1781; x_wconf 80' lang='grc' dir='ltr'><strong><em>ἐπιδικασίας]</em></strong></span> <span class='ocrx_word' id='word_1_226' title='bbox 879 1731 1073 1786; x_wconf 74' lang='lat' dir='ltr'><em>Utraque</em></span> <span class='ocrx_word' id='word_1_227' title='bbox 1094 1744 1181 1770; x_wconf 82' lang='lat' dir='ltr'><em>vox</em></span> <span class='ocrx_word' id='word_1_228' title='bbox 1199 1729 1369 1782; x_wconf 78' lang='lat' dir='ltr'><em>saepius</em></span> <span class='ocrx_word' id='word_1_229' title='bbox 1389 1744 1516 1783; x_wconf 80' lang='lat' dir='ltr'><em>repe-</em></span> 
     </span>
     <span class='ocr_line' id='line_1_29' title="bbox 61 1785 1518 1846; baseline -0.007 -13"><span class='ocrx_word' id='word_1_230' title='bbox 61 1792 171 1833; x_wconf 76' lang='lat' dir='ltr'><em>titur</em></span> <span class='ocrx_word' id='word_1_231' title='bbox 186 1793 231 1831; x_wconf 86' lang='lat' dir='ltr'><em>in</em></span> <span class='ocrx_word' id='word_1_232' title='bbox 255 1794 369 1832; x_wconf 79' lang='lat' dir='ltr'><em>Isaei</em></span> <span class='ocrx_word' id='word_1_233' title='bbox 388 1791 595 1833; x_wconf 79' lang='lat' dir='ltr'><em>Oratione</em></span> <span class='ocrx_word' id='word_1_234' title='bbox 610 1788 711 1846; x_wconf 65' lang='grc' dir='ltr'><strong><em>’ὑπὲρ</em></strong></span> <span class='ocrx_word' id='word_1_235' title='bbox 730 1794 803 1834; x_wconf 86' lang='grc' dir='ltr'><strong><em>τοῦ</em></strong></span> <span class='ocrx_word' id='word_1_236' title='bbox 826 1786 998 1845; x_wconf 75' lang='grc' dir='ltr'><strong><em>Πύῤῥου</em></strong></span> <span class='ocrx_word' id='word_1_237' title='bbox 1016 1785 1182 1843; x_wconf 80' lang='grc' dir='ltr'><strong><em>κλήρου.</em></strong></span> <span class='ocrx_word' id='word_1_238' title='bbox 1211 1786 1311 1827; x_wconf 89' lang='lat' dir='ltr'><em>vide</em></span> <span class='ocrx_word' id='word_1_239' title='bbox 1329 1797 1371 1828; x_wconf 90' lang='lat' dir='ltr'><em>et</em></span> <span class='ocrx_word' id='word_1_240' title='bbox 1386 1787 1518 1841; x_wconf 79' lang='lat' dir='ltr'><em>Hesy-</em></span> 
     </span>
     <span class='ocr_line' id='line_1_30' title="bbox 62 1848 531 1892; baseline 0.002 -3"><span class='ocrx_word' id='word_1_241' title='bbox 62 1850 207 1889; x_wconf 76' lang='lat' dir='ltr'><em>chium</em></span> <span class='ocrx_word' id='word_1_242' title='bbox 226 1848 271 1887; x_wconf 82' lang='lat' dir='ltr'><em>in</em></span> <span class='ocrx_word' id='word_1_243' title='bbox 294 1850 531 1892; x_wconf 83' lang='grc' dir='ltr'><strong><em>διαδικασία.</em></strong></span> 
     </span>
     <span class='ocr_line' id='line_1_31' title="bbox 174 1896 1518 1959; baseline -0.005 -11"><span class='ocrx_word' id='word_1_244' title='bbox 174 1903 353 1959; x_wconf 72' lang='grc' dir='ltr'><strong><em>ἀδικίου]</em></strong></span> <span class='ocrx_word' id='word_1_245' title='bbox 382 1902 500 1959; x_wconf 84' lang='lat' dir='ltr'><em>Quid</em></span> <span class='ocrx_word' id='word_1_246' title='bbox 521 1903 668 1955; x_wconf 85' lang='lat' dir='ltr'><em>fuerit,</em></span> <span class='ocrx_word' id='word_1_247' title='bbox 692 1901 994 1943; x_wconf 82' lang='lat' dir='ltr'><em>indicatnobis</em></span> <span class='ocrx_word' id='word_1_248' title='bbox 1008 1901 1315 1953; x_wconf 76' lang='lat' dir='ltr'><em>Harpocratioz</em></span> <span class='ocrx_word' id='word_1_249' title='bbox 1335 1896 1494 1941; x_wconf 70' lang='grc' dir='ltr'><strong><em>ἀδικίου</em></strong></span> <span class='ocrx_word' id='word_1_250' title='bbox 1507 1912 1518 1923; x_wconf 91' lang='grc'><em>·</em></span> 
     </span>
     <span class='ocr_line' id='line_1_32' title="bbox 63 1953 1517 2014; baseline -0.007 -7"><span class='ocrx_word' id='word_1_251' title='bbox 63 1960 420 2014; x_wconf 78' lang='grc' dir='ltr'><strong><em>οἷονᾶδικήματος.</em></strong></span> <span class='ocrx_word' id='word_1_252' title='bbox 450 1961 529 2003; x_wconf 75' lang='grc' dir='ltr'><strong><em>ἔστι</em></strong></span> <span class='ocrx_word' id='word_1_253' title='bbox 541 1959 584 2003; x_wconf 83' lang='grc' dir='ltr'><em>δὲ</em></span> <span class='ocrx_word' id='word_1_254' title='bbox 599 1959 727 2014; x_wconf 75' lang='grc' dir='ltr'><strong><em>ὄνομα</em></strong></span> <span class='ocrx_word' id='word_1_255' title='bbox 740 1962 866 2011; x_wconf 83' lang='grc' dir='ltr'><strong><em>δίκης.</em></strong></span> <span class='ocrx_word' id='word_1_256' title='bbox 896 1955 1156 2002; x_wconf 78' lang='grc' dir='ltr'><strong><em>οἷποτίννυται</em></strong></span> <span class='ocrx_word' id='word_1_257' title='bbox 1166 1957 1207 2000; x_wconf 78' lang='grc' dir='ltr'><em>δὲ</em></span> <span class='ocrx_word' id='word_1_258' title='bbox 1220 1961 1337 1999; x_wconf 87' lang='grc' dir='ltr'><strong><em>τοῦτο</em></strong></span> <span class='ocrx_word' id='word_1_259' title='bbox 1349 1953 1517 2006; x_wconf 81' lang='grc' dir='ltr'><strong><em>ἇπλοῦν,</em></strong></span> 
     </span>
     <span class='ocr_line' id='line_1_33' title="bbox 61 2012 1520 2074; baseline -0.008 -10"><span class='ocrx_word' id='word_1_260' title='bbox 61 2018 136 2064; x_wconf 74' lang='grc' dir='ltr'><strong><em>ἐὰν</em></strong></span> <span class='ocrx_word' id='word_1_261' title='bbox 154 2017 232 2074; x_wconf 79' lang='grc' dir='ltr'><em>πρὸ</em></span> <span class='ocrx_word' id='word_1_262' title='bbox 254 2023 325 2072; x_wconf 85' lang='grc' dir='ltr'><em>τῆς</em></span> <span class='ocrx_word' id='word_1_263' title='bbox 344 2014 515 2070; x_wconf 79' lang='grc' dir='ltr'><strong><em>ἒννάτης</em></strong></span> <span class='ocrx_word' id='word_1_264' title='bbox 534 2018 774 2071; x_wconf 81' lang='grc' dir='ltr'><strong><em>πρυτανείας</em></strong></span> <span class='ocrx_word' id='word_1_265' title='bbox 795 2013 1006 2073; x_wconf 78' lang='grc' dir='ltr'><strong><em>οἷποδοθῇ·</em></strong></span> <span class='ocrx_word' id='word_1_266' title='bbox 1049 2017 1085 2057; x_wconf 86' lang='grc' dir='ltr'><em>εἰ</em></span> <span class='ocrx_word' id='word_1_267' title='bbox 1102 2015 1142 2057; x_wconf 82' lang='grc' dir='ltr'><em>δὲ</em></span> <span class='ocrx_word' id='word_1_268' title='bbox 1164 2012 1231 2068; x_wconf 84' lang='grc' dir='ltr'><em>μὴ,</em></span> <span class='ocrx_word' id='word_1_269' title='bbox 1264 2016 1434 2069; x_wconf 85' lang='grc' dir='ltr'><strong><em>διπλοῦν</em></strong></span> <span class='ocrx_word' id='word_1_270' title='bbox 1451 2030 1520 2054; x_wconf 86' lang='grc' dir='ltr'><em>κα-</em></span> 
     </span>
     <span class='ocr_line' id='line_1_34' title="bbox 64 2071 1521 2131; baseline -0.008 -10"><span class='ocrx_word' id='word_1_271' title='bbox 64 2074 309 2131; x_wconf 75' lang='grc' dir='ltr'><strong><em>ταβάλλεται.</em></strong></span> <span class='ocrx_word' id='word_1_272' title='bbox 350 2086 458 2128; x_wconf 85' lang='lat' dir='ltr'><em>quae</em></span> <span class='ocrx_word' id='word_1_273' title='bbox 481 2074 707 2128; x_wconf 80' lang='lat' dir='ltr'><em>exscripsit</em></span> <span class='ocrx_word' id='word_1_274' title='bbox 725 2083 767 2113; x_wconf 88' lang='lat' dir='ltr'><em>et</em></span> <span class='ocrx_word' id='word_1_275' title='bbox 793 2073 969 2114; x_wconf 60' lang='lat' dir='ltr'><em>Saldae.</em></span> <span class='ocrx_word' id='word_1_276' title='bbox 1010 2071 1244 2125; x_wconf 82' lang='lat' dir='ltr'><em>Hesychius</em></span> <span class='ocrx_word' id='word_1_277' title='bbox 1261 2073 1405 2110; x_wconf 83' lang='lat' dir='ltr'><em>saltem</em></span> <span class='ocrx_word' id='word_1_278' title='bbox 1427 2084 1521 2109; x_wconf 88' lang='lat' dir='ltr'><em>me-</em></span> 
     </span>
     <span class='ocr_line' id='line_1_35' title="bbox 64 2124 1517 2188; baseline -0.004 -14"><span class='ocrx_word' id='word_1_279' title='bbox 64 2133 216 2174; x_wconf 80' lang='lat' dir='ltr'><em>minit:</em></span> <span class='ocrx_word' id='word_1_280' title='bbox 252 2128 427 2181; x_wconf 68' lang='grc' dir='ltr'><strong><em>ἀδικίου,</em></strong></span> <span class='ocrx_word' id='word_1_281' title='bbox 457 2127 562 2179; x_wconf 84' lang='grc' dir='ltr'><strong><em>εἶδος</em></strong></span> <span class='ocrx_word' id='word_1_282' title='bbox 580 2132 695 2183; x_wconf 84' lang='grc' dir='ltr'><strong><em>δίκης</em></strong></span> <span class='ocrx_word' id='word_1_283' title='bbox 709 2126 943 2188; x_wconf 78' lang='grc' dir='ltr'><strong><em>Ἀθήνῃσιν.</em></strong></span> <span class='ocrx_word' id='word_1_284' title='bbox 976 2129 1315 2182; x_wconf 80' lang='lat' dir='ltr'><em>Etymologicon:</em></span> <span class='ocrx_word' id='word_1_285' title='bbox 1344 2124 1517 2175; x_wconf 77' lang='grc' dir='ltr'><strong><em>ἀδικίου,</em></strong></span> 
     </span>
     <span class='ocr_line' id='line_1_36' title="bbox 65 2181 1520 2244; baseline -0.006 -11"><span class='ocrx_word' id='word_1_286' title='bbox 65 2188 193 2244; x_wconf 73' lang='grc' dir='ltr'><strong><em>ὄνομα</em></strong></span> <span class='ocrx_word' id='word_1_287' title='bbox 222 2190 337 2242; x_wconf 88' lang='grc' dir='ltr'><strong><em>δίκης</em></strong></span> <span class='ocrx_word' id='word_1_288' title='bbox 362 2185 462 2230; x_wconf 77' lang='grc' dir='ltr'><strong><em>κατὰ</em></strong></span> <span class='ocrx_word' id='word_1_289' title='bbox 488 2191 569 2229; x_wconf 83' lang='grc' dir='ltr'><em>τῶν</em></span> <span class='ocrx_word' id='word_1_290' title='bbox 606 2184 793 2229; x_wconf 81' lang='grc' dir='ltr'><strong><em>ὁπωσοῦν</em></strong></span> <span class='ocrx_word' id='word_1_291' title='bbox 814 2183 1074 2229; x_wconf 76' lang='grc' dir='ltr'><strong><em>ἀδικούντων.</em></strong></span> <span class='ocrx_word' id='word_1_292' title='bbox 1109 2189 1183 2238; x_wconf 88' lang='grc' dir='ltr'><em>τῆς</em></span> <span class='ocrx_word' id='word_1_293' title='bbox 1211 2184 1254 2226; x_wconf 83' lang='grc' dir='ltr'><em>δὲ</em></span> <span class='ocrx_word' id='word_1_294' title='bbox 1273 2185 1386 2237; x_wconf 84' lang='grc' dir='ltr'><strong><em>δίκης</em></strong></span> <span class='ocrx_word' id='word_1_295' title='bbox 1402 2181 1446 2225; x_wconf 82' lang='grc' dir='ltr'><em>τὰ</em></span> <span class='ocrx_word' id='word_1_296' title='bbox 1466 2185 1520 2224; x_wconf 84' lang='grc' dir='ltr'><em>τί-</em></span> 
     </span>
     <span class='ocr_line' id='line_1_37' title="bbox 64 2239 1244 2302; baseline -0.007 -13"><span class='ocrx_word' id='word_1_297' title='bbox 64 2264 189 2302; x_wconf 78' lang='grc' dir='ltr'><strong><em>μημα,</em></strong></span> <span class='ocrx_word' id='word_1_298' title='bbox 220 2242 417 2300; x_wconf 69' lang='grc' dir='ltr'><strong><em>ἀργύριόν</em></strong></span> <span class='ocrx_word' id='word_1_299' title='bbox 437 2245 540 2287; x_wconf 78' lang='grc' dir='ltr'><strong><em>ἐστιν</em></strong></span> <span class='ocrx_word' id='word_1_300' title='bbox 563 2239 886 2296; x_wconf 76' lang='grc' dir='ltr'><strong><em>οἷποτιννύμενον</em></strong></span> <span class='ocrx_word' id='word_1_301' title='bbox 910 2241 1077 2286; x_wconf 79' lang='grc' dir='ltr'><strong><em>ἁπλοῦν.</em></strong></span> <span class='ocrx_word' id='word_1_302' title='bbox 1135 2249 1244 2281; x_wconf 66' lang='lat' dir='ltr'><em>Iunc.</em></span> 
     </span>
     <span class='ocr_line' id='line_1_38' title="bbox 177 2295 1519 2356; baseline -0.01 -10"><span class='ocrx_word' id='word_1_303' title='bbox 177 2307 315 2356; x_wconf 77' lang='grc' dir='ltr'><strong><em>φορᾶς</em></strong></span> <span class='ocrx_word' id='word_1_304' title='bbox 333 2297 543 2353; x_wconf 78' lang='grc' dir='ltr'><strong><em>ἆφανοῦς]</em></strong></span> <span class='ocrx_word' id='word_1_305' title='bbox 574 2302 703 2340; x_wconf 83' lang='lat' dir='ltr'><em>Actio</em></span> <span class='ocrx_word' id='word_1_306' title='bbox 722 2303 769 2339; x_wconf 85' lang='lat' dir='ltr'><em>in</em></span> <span class='ocrx_word' id='word_1_307' title='bbox 786 2315 924 2339; x_wconf 75' lang='lat' dir='ltr'><em>servos</em></span> <span class='ocrx_word' id='word_1_308' title='bbox 944 2301 1168 2352; x_wconf 76' lang='lat' dir='ltr'><em>operarios,</em></span> <span class='ocrx_word' id='word_1_309' title='bbox 1203 2295 1276 2350; x_wconf 85' lang='lat' dir='ltr'><em>qui</em></span> <span class='ocrx_word' id='word_1_310' title='bbox 1296 2309 1382 2334; x_wconf 85' lang='lat' dir='ltr'><em>non</em></span> <span class='ocrx_word' id='word_1_311' title='bbox 1403 2308 1519 2348; x_wconf 86' lang='lat' dir='ltr'><em>prae-</em></span> 
     </span>
     <span class='ocr_line' id='line_1_39' title="bbox 64 2351 1520 2410; baseline -0.008 -10"><span class='ocrx_word' id='word_1_312' title='bbox 64 2358 231 2400; x_wconf 76' lang='lat' dir='ltr'><em>staBant</em></span> <span class='ocrx_word' id='word_1_313' title='bbox 257 2358 437 2399; x_wconf 85' lang='lat' dir='ltr'><em>domino</em></span> <span class='ocrx_word' id='word_1_314' title='bbox 464 2356 598 2410; x_wconf 73' lang='grc' dir='ltr'><strong><em>φορὰν</em></strong></span> <span class='ocrx_word' id='word_1_315' title='bbox 621 2355 822 2410; x_wconf 69' lang='grc' dir='ltr'><strong><em>ἀφανοῦς,</em></strong></span> <span class='ocrx_word' id='word_1_316' title='bbox 847 2360 1092 2410; x_wconf 81' lang='lat' dir='ltr'><em>pensionem,</em></span> <span class='ocrx_word' id='word_1_317' title='bbox 1124 2352 1332 2394; x_wconf 87' lang='lat' dir='ltr'><em>mercedes</em></span> <span class='ocrx_word' id='word_1_318' title='bbox 1351 2351 1401 2390; x_wconf 88' lang='lat' dir='ltr'><em>de</em></span> <span class='ocrx_word' id='word_1_319' title='bbox 1420 2364 1520 2404; x_wconf 81' lang='lat' dir='ltr'><em>ope-</em></span> 
     </span>
     <span class='ocr_line' id='line_1_40' title="bbox 65 2406 1518 2469; baseline -0.009 -13"><span class='ocrx_word' id='word_1_320' title='bbox 65 2417 124 2456; x_wconf 76' lang='lat' dir='ltr'><em>ris</em></span> <span class='ocrx_word' id='word_1_321' title='bbox 144 2429 252 2469; x_wconf 87' lang='lat' dir='ltr'><em>quae</em></span> <span class='ocrx_word' id='word_1_322' title='bbox 271 2425 390 2456; x_wconf 82' lang='lat' dir='ltr'><em>erant</em></span> <span class='ocrx_word' id='word_1_323' title='bbox 418 2412 579 2467; x_wconf 72' lang='grc' dir='ltr'><strong><em>ἀφανῆ,</em></strong></span> <span class='ocrx_word' id='word_1_324' title='bbox 613 2413 656 2453; x_wconf 85' lang='lat' dir='ltr'><em>id</em></span> <span class='ocrx_word' id='word_1_325' title='bbox 679 2423 767 2463; x_wconf 86' lang='lat' dir='ltr'><em>est,</em></span> <span class='ocrx_word' id='word_1_326' title='bbox 798 2428 880 2453; x_wconf 82' lang='lat' dir='ltr'><em>non</em></span> <span class='ocrx_word' id='word_1_327' title='bbox 899 2413 1167 2453; x_wconf 80' lang='lat' dir='ltr'><em>incurrebant</em></span> <span class='ocrx_word' id='word_1_328' title='bbox 1194 2412 1241 2447; x_wconf 86' lang='lat' dir='ltr'><em>in</em></span> <span class='ocrx_word' id='word_1_329' title='bbox 1261 2409 1420 2457; x_wconf 76' lang='lat' dir='ltr'><em>oculos,</em></span> <span class='ocrx_word' id='word_1_330' title='bbox 1453 2406 1518 2444; x_wconf 75' lang='lat' dir='ltr'><em>uti</em></span> 
     </span>
     <span class='ocr_line' id='line_1_41' title="bbox 65 2461 1520 2526; baseline -0.009 -14"><span class='ocrx_word' id='word_1_331' title='bbox 65 2473 290 2512; x_wconf 79' lang='lat' dir='ltr'><em>facultates</em></span> <span class='ocrx_word' id='word_1_332' title='bbox 313 2481 355 2512; x_wconf 87' lang='lat' dir='ltr'><em>et</em></span> <span class='ocrx_word' id='word_1_333' title='bbox 379 2485 480 2526; x_wconf 86' lang='lat' dir='ltr'><em>opes</em></span> <span class='ocrx_word' id='word_1_334' title='bbox 505 2471 767 2512; x_wconf 81' lang='lat' dir='ltr'><em>manifestae.</em></span> <span class='ocrx_word' id='word_1_335' title='bbox 813 2480 902 2510; x_wconf 86' lang='lat' dir='ltr'><em>erat</em></span> <span class='ocrx_word' id='word_1_336' title='bbox 928 2480 970 2510; x_wconf 89' lang='lat' dir='ltr'><em>et</em></span> <span class='ocrx_word' id='word_1_337' title='bbox 992 2466 1102 2522; x_wconf 77' lang='grc' dir='ltr'><strong><em>φορὰ</em></strong></span> <span class='ocrx_word' id='word_1_338' title='bbox 1119 2461 1384 2521; x_wconf 79' lang='grc' dir='ltr'><strong><em>μεθημερινή,</em></strong></span> <span class='ocrx_word' id='word_1_339' title='bbox 1413 2476 1520 2501; x_wconf 84' lang='lat' dir='ltr'><em>mer-</em></span> 
     </span>
     <span class='ocr_line' id='line_1_42' title="bbox 65 2518 1520 2583; baseline -0.008 -15"><span class='ocrx_word' id='word_1_340' title='bbox 65 2528 181 2568; x_wconf 76' lang='lat' dir='ltr'><em>cedes</em></span> <span class='ocrx_word' id='word_1_341' title='bbox 201 2527 392 2568; x_wconf 80' lang='lat' dir='ltr'><em>diurnae.</em></span> <span class='ocrx_word' id='word_1_342' title='bbox 423 2527 559 2583; x_wconf 77' lang='grc' dir='ltr'><strong><em>φορᾶν</em></strong></span> <span class='ocrx_word' id='word_1_343' title='bbox 579 2528 695 2566; x_wconf 85' lang='lat' dir='ltr'><em>illam</em></span> <span class='ocrx_word' id='word_1_344' title='bbox 717 2527 785 2567; x_wconf 79' lang='lat' dir='ltr'><em>Gl.</em></span> <span class='ocrx_word' id='word_1_345' title='bbox 810 2530 1030 2581; x_wconf 84' lang='lat' dir='ltr'><em>appellant</em></span> <span class='ocrx_word' id='word_1_346' title='bbox 1048 2527 1232 2564; x_wconf 80' lang='lat' dir='ltr'><em>laturam</em></span> <span class='ocrx_word' id='word_1_347' title='bbox 1247 2551 1258 2571; x_wconf 93' lang='lat'>‚</span> <span class='ocrx_word' id='word_1_348' title='bbox 1291 2520 1388 2574; x_wconf 86' lang='lat' dir='ltr'><em>quia</em></span> <span class='ocrx_word' id='word_1_349' title='bbox 1412 2518 1520 2557; x_wconf 86' lang='lat' dir='ltr'><em>affe-</em></span> 
     </span>
     <span class='ocr_line' id='line_1_43' title="bbox 63 2573 1519 2633; baseline -0.01 -7"><span class='ocrx_word' id='word_1_350' title='bbox 63 2583 236 2626; x_wconf 85' lang='lat' dir='ltr'><em>rebatur</em></span> <span class='ocrx_word' id='word_1_351' title='bbox 267 2583 440 2624; x_wconf 84' lang='lat' dir='ltr'><em>domino</em></span> <span class='ocrx_word' id='word_1_352' title='bbox 474 2600 496 2624; x_wconf 92' lang='lat' dir='ltr'><em>a</em></span> <span class='ocrx_word' id='word_1_353' title='bbox 528 2583 685 2633; x_wconf 80' lang='lat' dir='ltr'><em>servis,</em></span> <span class='ocrx_word' id='word_1_354' title='bbox 727 2586 796 2624; x_wconf 88' lang='lat' dir='ltr'><em>vel</em></span> <span class='ocrx_word' id='word_1_355' title='bbox 832 2583 1070 2623; x_wconf 85' lang='lat' dir='ltr'><em>conductor</em></span> <span class='ocrx_word' id='word_1_356' title='bbox 1103 2577 1264 2618; x_wconf 83' lang='lat' dir='ltr'><em>ferebat</em></span> <span class='ocrx_word' id='word_1_357' title='bbox 1295 2573 1519 2615; x_wconf 87' lang='lat' dir='ltr'><em>conductis</em></span> 
     </span>
     <span class='ocr_line' id='line_1_44' title="bbox 64 2634 1521 2698; baseline 0 -17"><span class='ocrx_word' id='word_1_358' title='bbox 64 2640 286 2696; x_wconf 78' lang='lat' dir='ltr'><em>operariis.</em></span> <span class='ocrx_word' id='word_1_359' title='bbox 338 2639 496 2681; x_wconf 83' lang='lat' dir='ltr'><em>dicitur</em></span> <span class='ocrx_word' id='word_1_360' title='bbox 523 2651 567 2683; x_wconf 85' lang='lat' dir='ltr'><em>et</em></span> <span class='ocrx_word' id='word_1_361' title='bbox 593 2638 801 2698; x_wconf 80' lang='grc' dir='ltr'><strong><em>ἄποφορᾶ.</em></strong></span> <span class='ocrx_word' id='word_1_362' title='bbox 841 2639 929 2683; x_wconf 86' lang='lat' dir='ltr'><em>vid.</em></span> <span class='ocrx_word' id='word_1_363' title='bbox 963 2639 1137 2678; x_wconf 63' lang='lat' dir='ltr'><em>Tlcomae</em></span> <span class='ocrx_word' id='word_1_364' title='bbox 1160 2634 1357 2686; x_wconf 78' lang='lat' dir='ltr'><em>Eelogas.</em></span> <span class='ocrx_word' id='word_1_365' title='bbox 1388 2635 1521 2686; x_wconf 73' lang='grc' dir='ltr'><strong><em>φορᾶς</em></strong></span> 
     </span>
    </p>
   </div>
   <div class='ocr_carea' id='block_1_3' title="bbox 101 2701 1245 2758">
    <p class='ocr_par' dir='ltr' id='par_1_3' title="bbox 101 2701 1245 2758">
     <span class='ocr_line' id='line_1_45' title="bbox 101 2701 1245 2758; baseline -0.003 -5"><span class='ocrx_word' id='word_1_366' title='bbox 101 2719 235 2754; x_wconf 71' lang='lat' dir='ltr'><em>Pollux</em></span> <span class='ocrx_word' id='word_1_367' title='bbox 262 2718 342 2754; x_wconf 71' lang='lat' dir='ltr'><em>Vol.</em></span> <span class='ocrx_word' id='word_1_368' title='bbox 370 2720 419 2758; x_wconf 82' lang='lat' dir='ltr'><em>V.</em></span> <span class='ocrx_word' id='word_1_369' title='bbox 1161 2701 1198 2740; x_wconf 83' lang='lat' dir='ltr'>R</span> <span class='ocrx_word' id='word_1_370' title='bbox 1225 2714 1245 2740; x_wconf 82' lang='lat' dir='ltr'>t</span> 
     </span>
    </p>
   </div>
  </div>
 </body>
</html>
