1696 3028
666 168 743 211 VI.
804 172 898 214 143.
1435 171 1514 211 169

157 285 212 330 -ἒκ
237 288 314 329 τοῦ
340 301 380 328 κ.
418 285 533 339 etc.]
584 282 783 338 Exponit
826 281 932 323 haee
973 291 1016 323 et
1050 282 1345 335 camerarius,
1392 281 1513 324 Avus

57 356 192 395 meus,
223 343 386 384 Comm.
409 352 492 386 utt.
509 343 617 398 ling.
642 356 678 380 c.
703 339 798 383 554.
856 346 964 380 Iuno.

171 407 222 455 δι’
249 407 413 468 ὀλίγον]
449 412 588 452 Deest
614 411 661 450 in
693 408 787 454 MS.
814 422 930 450 meus
959 407 1080 451 Avus
1103 407 1221 449 dicto
1241 410 1340 449 loeo
1358 406 1513 456 reddit,

49 468 318 523 festinanter.
375 470 490 511 que.

171 523 254 570 λᾶλ.
280 535 362 567 etc.
383 527 520 581 ἐπιπ.]
550 527 601 567 In
611 525 708 566 MS.
729 523 848 566 deest
870 521 1005 574 λα’λος.
1038 532 1081 565 et
1101 524 1304 577 ἐπιπολῆς.
1334 521 1519 564 Videtur

61 597 168 625 vero
184 592 284 639 post
301 584 497 638 ἐπιπολῆς
515 582 562 623 in
580 582 776 639 vulgatis
798 595 960 622 comma
983 580 1270 623 inserendum.
1329 580 1460 623 Imm.

171 708 370 765 ἐπελθὸν]
400 710 500 751 MS.
518 706 700 752 ἐπελθών
718 707 867 757 habet„
916 706 1047 750 Iuno.

173 764 440 824 ἅβασάνιστος
460 768 559 821 etc.]
591 767 673 807 Pro
693 764 719 809 ἆ
751 764 963 814 ασάνιστος
987 763 1117 804 habet
1140 763 1237 804 MS.
1257 760 1518 820 ἄβασοένιστα,

59 834 104 867 et
120 823 474 884 ἇπαρασκεύαστος
491 823 674 875 omisso,
705 822 981 880 απαράσκευα.
1021 819 1178 862 desunt
1197 819 1298 862 dein
1319 822 1396 862 illa
1419 818 1519 865 ἄπα-

58 881 318 943 παρασκεῦῳ,
350 884 392 927 ἐν
406 888 492 933 τοῖς
511 882 604 938 περὶ
626 876 747 936 ἆληθ.
803 880 935 924 lum.

150 943 328 994 ·Ξενοφ.
359 939 464 995 etc.]
502 939 657 994 Ξενοφ.
688 947 766 982 etc.
797 938 1015 996 γέγραπται
1040 951 1136 976 cum
1165 932 1319 977 mediis
1350 935 1398 975 in
1423 935 1517 979 MS.

61 997 227 1040 desunt.
255 998 384 1041 Imm.

178 1055 326 1110 Ξενοφ.
345 1055 444 1110 etc.]
475 1053 813 1108 Falckenbzirgii
820 1051 970 1094 Codex
987 1049 1159 1108 egregie
1171 1049 1235 1093 Cl.
1247 1050 1522 1106 langerman-

61 1113 413 1210 nigonieeturam
444 1109 636 1163 adiuvat,
669 1111 747 1166 qui
767 1124 856 1151 non
878 1111 1076 1166 Ξενοφῶν
1097 1106 1173 1150 sed
1188 1105 1389 1164 Ἀντιφῶν
1410 1112 1521 1150 clare

61 1168 114 1208 ha
147 1178 203 1214 et.

171 1236 351 1296 γνήσιαι]
381 1237 493 1281 Vide
512 1252 566 1279 an
585 1237 699 1279 forte
713 1236 940 1293 legendum
960 1235 1120 1294 γνήσια,
1150 1243 1202 1275 ut
1220 1233 1275 1275 ad
1293 1244 1520 1292 utrumque

61 1294 281 1351 scriptum,
311 1294 459 1337 tamde
473 1295 665 1347 veritate,
696 1294 1130 1350 quamdeRhetorica
1149 1293 1391 1334 transferas.
1422 1292 1520 1335 Cer-

62 1362 105 1394 te
123 1362 320 1394 neutrum
343 1352 396 1394 ab
424 1354 601 1393 Lab‘rtio
625 1352 739 1392 inter
760 1353 1051 1406 Xenophontis
1080 1350 1239 1403 scripta
1259 1361 1518 1403 recensetur,

61 1424 142 1451 nee
165 1409 271 1451 alibi
292 1418 449 1452 temere
467 1410 683 1452 invenias.
725 1407 847 1449 Adeo
868 1419 919 1449 ut
938 1409 1054 1451 forte
1075 1416 1197 1448 extra
1216 1420 1304 1447 rem
1326 1422 1415 1448 non
1448 1408 1519 1460 sit,

60 1466 99 1506 si
126 1466 315 1522 suspicer
343 1482 421 1522 pto
459 1468 654 1521 Ξενοφῶν
681 1465 992 1507 emendandum
1020 1464 1242 1518 Ἀντιφῶν,
1282 1465 1405 1504 cuius
1429 1467 1520 1518 περὶ

59 1520 256 1578 ἀληθείας
282 1520 397 1582 λόγοι
428 1533 513 1565 tam
539 1524 700 1580 primus
733 1537 859 1578 quam
893 1522 1106 1564 secundus
1137 1519 1369 1562 laudantur
1406 1522 1520 1578 apud

60 1583 446 1636 ‚Harpocrationem
471 1581 657 1637 saepius.
714 1581 846 1624 Imm.

175 1653 298 1707 συμβ.
325 1654 424 1706 πρ.]
462 1649 666 1692 Notanda
709 1648 1028 1708 συμβουλευτικᾶ
1055 1650 1249 1706 προοίμια
1279 1650 1521 1689 Demosthe-

62 1710 140 1760 nis,
170 1723 278 1766 quae
297 1711 432 1763 vulgo
459 1705 712 1765 δημηγορικοὶ
722 1711 920 1764 προοίμια
937 1708 1233 1749 inscribuntur
1251 1716 1294 1747 et
1312 1722 1334 1746 a
1350 1706 1523 1762 quibus-

63 1766 158 1806 dam
190 1767 470 1806 Demostheni
498 1765 813 1807 abiudicantur.
870 1767 930 1806 Et
949 1768 1147 1806 Pollucis
1172 1778 1271 1805 sane
1293 1763 1521 1818 inscriptio

62 1823 178 1864 forte
197 1823 359 1875 verior,
392 1837 523 1878 quum
542 1822 589 1862 in
607 1823 693 1864 illis
713 1822 902 1864 exordiis
921 1837 1046 1878 saepe
1066 1822 1241 1866 verbum
1262 1818 1522 1876 συμβουλεύω

64 1889 283 1932 occurrat,
324 1889 376 1920 ut
406 1880 550 1921 statim
577 1880 624 1919 in
652 1880 804 1934 primo.
860 1882 1008 1922 Locus
1029 1894 1154 1935 quem
1178 1879 1339 1920 Noster
1361 1880 1522 1931 innuit,

63 1937 140 1977 ubi
158 1937 207 1977 in
226 1936 314 1976 iuis
329 1946 481 1988 exstet,
511 1937 618 1977 mihi
650 1952 737 1978 non
768 1939 816 1979 in
843 1947 1060 1994 promptu,
1092 1937 1177 1977 nisi
1202 1936 1241 1977 si
1269 1937 1315 1975 in
1343 1935 1523 1977 exordio

62 1994 133 2037 51.
165 1993 243 2033 ubi
264 1991 339 2050 ἐγώ
355 1991 394 2036 δ’
414 1989 464 2036 οὗ
483 1995 644 2050 χείρους
662 1994 770 2047 ὑμᾶς
786 1994 962 2053 ἡγοῦμαι
980 1992 1104 2050 φύσει
1117 1995 1307 2050 Θηβαίων
1325 1990 1407 2037 ἄλλ’
1423 1991 1526 2036 ἄπα·

64 2052 396 2107 ρασκευοῑέρους,
427 2051 654 2120 legendum
673 2050 1158 2109 ἄπαρασκευαστοτὲρους.
1205 2051 1289 2093 Sed
1309 2067 1398 2092 non
1419 2066 1525 2106 opus

64 2119 142 2162 est,
173 2118 216 2150 et
231 2109 388 2150 Noster
403 2106 449 2150 τὸ
470 2110 916 2168 απαρασκευαστότερον
933 2111 1009 2160 ait,
1041 2109 1233 2167 quamvis
1250 2107 1343 2151 MS.
1362 2108 1526 2149 isthaec

65 2166 248 2208 omittat.
289 2163 371 2206 Sed
393 2164 508 2220 apud
525 2168 902 2220 Harpocrationem
929 2178 1069 2209 tamen
1102 2166 1252 2208 eodem
1285 2167 1417 2207 titulo
1450 2167 1527 2221 qui

66 2227 204 2281 vulgo
215 2223 256 2265 ἓν
275 2225 505 2278 προοιμίοις
518 2226 807 2280 δημηγορικοῖς
825 2229 996 2278 citatur,
1018 2226 1064 2264 in
1085 2239 1192 2266 voce
1214 2221 1314 2278 ἆρχή
1332 2233 1376 2264 et
1396 2223 1529 2280 559⁹oe-

64 2285 164 2325 δεῖν.
179 2279 424 2323 Videndum
459 2279 607 2335 itaque
637 2296 692 2322 an
717 2283 802 2323 alia
822 2283 982 2323 Pollux
1018 2283 1196 2322 innuat:
1238 2280 1356 2337 quod
1387 2291 1527 2321 tamen

65 2353 156 2380 non
197 2337 345 2389 credo,
395 2336 470 2378 sed
514 2336 561 2377 in
600 2338 655 2378 iis
693 2339 960 2395 adpellandis
998 2354 1077 2380 suo
1107 2338 1236 2380 modo
1275 2339 1341 2379 uti
1372 2339 1526 2379 voluit.

64 2398 293 2439 Iunonum.

180 2462 432 2521 ἀνάρμοστα]
466 2464 515 2504 C.
536 2463 589 2504 A.
615 2460 853 2524 ἀναρμόστῳ
868 2482 923 2510 sc.
942 2465 1093 2523 γνώμῃ,
1113 2467 1231 2521 quod
1250 2463 1443 2520 proxime
1456 2478 1529 2502 an-

69 2521 241 2565 tecedit.
285 2521 386 2562 inde
418 2520 506 2578 ἆκρ.
543 2519 581 2565 ἆ.
605 2525 642 2567 δ.
673 2522 812 2577 χύδην,
833 2522 995 2579 ἀνέδην,
1027 2522 1304 2579 αὐτοσχεδίως,
1342 2540 1377 2563 κ.
1398 2537 1435 2563 α.
1465 2518 1530 2562 kd-

68 2597 178 2637 γους,
208 2578 320 2622 λαλιά
352 2577 617 2636 εἷνάρμοστος.
658 2582 995 2637 suprascriptum
1025 2579 1288 2638 ἀναρμοστία.
1319 2581 1362 2623 ἐν
1387 2581 1429 2621 δὲ
1449 2582 1532 2628 τοῖς

71 2637 290 2686 Πλάτωνος
309 2646 392 2677 etc.
451 2644 600 2676 Kussfflv.

183 2690 330 2750 ἀραιὰ]
360 2693 413 2736 In
433 2694 530 2736 MS.
553 2693 670 2735 deest
690 2692 827 2751 ἀραιά.
886 2696 1016 2739 Imm.
