1664 3016
92 85 176 129 848
699 79 822 121 VIII.
884 84 981 125 147.

94 198 170 253 pe)
190 195 354 236 dixisse
372 203 534 235 veteres
553 193 680 234 docet
707 194 896 247 Oppiani
918 195 1173 236 scholiastes
1202 194 1255 236 ad
1273 193 1370 237 libr.
1401 209 1453 237 ιι.
1476 195 1563 235 Ha-

95 255 220 295 lieut.
251 267 291 295 v,
312 250 408 293 635.
468 252 613 291 Altera
646 266 771 299 vero,
813 266 888 291 cur
915 252 1000 292 hoc
1019 251 1163 293 officio
1185 251 1368 318 defungi
1384 250 1565 292 cadaver

98 312 361 365 insepultum
390 317 728 363 praetereuntem
765 308 985 349 voluerint
1018 312 1160 364 leges,
1202 310 1314 349 ratio
1334 318 1412 360 est,
1445 307 1565 363 quod

99 366 267 421 antiqui
290 365 484 420 putarint
506 365 821 419 insepultorum
846 380 1008 406 ammas
1021 380 1170 407 misere
1189 366 1336 422 vagari
1358 340 1564 419 Elysaea-

97 437 279 478 rumque
313 421 564 462 deliciarum
598 433 797 476 expertes
820 436 932 469 esse
965 437 1046 478 qua
1070 422 1121 463 de
1144 437 1268 463 causa
1292 434 1334 463 et
1355 437 1452 474 eos,
1486 420 1564 477 qui

98 478 284 522 nefanda
308 479 491 518 maxime
512 479 558 517 in
585 479 768 532 patriam
792 482 948 520 scelera
971 489 1201 545 patrui-‚ant
1219 490 1339 520 extra
1357 479 1564 520 terminos

98 537 262 593 patriae
285 535 494 590 proiicere
515 535 710 575 solebant
735 537 986 589 insepultos,
1018 547 1066 576 ut
1089 547 1147 576 na
1160 545 1258 591 post
1277 545 1453 577 mortem
1468 549 1565 592 gra-

97 594 292 642 vissimas
326 595 494 633 luerent
530 607 706 647 poenas.
757 591 831 632 sed
868 592 919 634 de
950 593 1068 633 hisce
1097 603 1144 632 ut
1171 591 1364 647 pluribus
1391 605 1564 648 agamus

98 649 304 704 temporis
325 663 414 690 non
441 650 654 704 permittit
679 650 916 691 articulus:
960 650 1060 690 vide
1085 650 1256 690 interim
1275 659 1318 691 ot
1341 651 1566 690 Haeznsium

99 707 151 749 ad
169 707 266 749 libr.
293 705 395 749 Silii
415 723 467 749 ιι.
493 705 570 746 ubi
593 707 831 763 elegantia,
864 721 972 763 quae
999 707 1085 747 huc
1108 707 1296 753 faciunt,
1342 720 1397 748 ex
1415 707 1565 747 Nonno

96 775 139 807 et
158 764 404 805 Moschione
423 762 628 819 producit
646 767 754 807 loca.

208 822 428 875 ἐπίστημα]
460 819 559 863 Vid.
581 835 707 877 supra
730 820 783 861 ad
797 835 887 874 vu,
908 818 1147 864 66.1m‹0.

208 879 348 934 ληνοί]
380 877 894 934 Supra1n‚1o2.1ux0.

210 990 396 1050 βλάμμα]
430 993 565 1047 Supra
589 1007 629 1044 v,
660 990 752 1034 155.
773 1003 816 1033 et
835 1007 897 1044 vx,
927 990 1019 1034 185.
1079 998 1194 1035 que.

210 1051 422 1104 διαλῦσαι]
452 1051 548 1091 MS.
567 1055 696 1093 λῦσαι.
756 1055 838 1093 San.

211 1108 431 1162 διαλῦσαι]
463 1108 551 1147 Ηίο
572 1123 664 1147 cum
687 1106 816 1148 verbo
840 1109 1023 1149 διαλυσαι
1034 1107 1131 1150 MS
1155 1115 1301 1146 noster
1318 1105 1475 1162 pergit,
1495 1119 1568 1145 an-

98 1175 166 1208 tea
185 1174 276 1206 tota
298 1165 457 1220 pagina
478 1164 685 1217 defectus,
715 1173 765 1204 ut
786 1163 1027 1205 indicatum
1056 1178 1079 1204 a
1100 1179 1166 1204 me
1187 1163 1287 1206 fuit.
1347 1170 1450 1204 Iunc.

211 1218 430 1276 οἷποτίσαι]
475 1222 558 1262 Pro
591 1219 780 1264 ἇποτίσαι
821 1220 914 1264 MS.
951 1220 1082 1262 habet
1118 1219 1346 1265 ἀποτεῖναι·
1378 1228 1423 1262 et
1452 1219 1570 1262 deest

99 1279 199 1322 dein
219 1280 369 1323 ἐκτῖσαι
388 1289 432 1321 et
452 1284 702 1323 καταθεῖναι.
760 1284 867 1320 Iuno.

211 1395 281 1438 καὶ
300 1392 348 1437 τὰ
369 1392 583 1460 πρᾷγματα
601 1403 680 1436 etc
693 1394 714 1448 ]
748 1394 816 1436 καὶ
835 1391 884 1436 τὰ
901 1410 972 1448 πρ.
1003 1395 1074 1436 εἰσ.
1100 1393 1292 1435 desunt'
1279 1408 1324 1433 nn
1346 1391 1439 1435 MS.
1462 1400 1570 1432 cate-

99 1466 231 1526 taque
249 1452 470 1508 sequentia
488 1467 583 1492 cum
604 1451 699 1491 istis
717 1448 814 1494 οὐδὲ
826 1451 955 1508 ἐπιρῤ.
969 1455 1048 1495 καί.
1067 1460 1167 1506 post
1179 1465 1290 1506 quae
1309 1450 1460 1492 iterum
1474 1448 1570 1491 MS.

100 1508 150 1554 τὰ
167 1510 209 1554 δὲ
223 1511 382 1552 ἐναντία
398 1515 645 1550 etc.1unc.

211 1565 493 1636 ἐνεχυράζειν]
537 1566 633 1607 MS.
672 1563 958 1622 ἐνεχυριάζειν,
992 1563 1354 1622 κατενεχυριαζειν·
1394 1573 1438 1605 et
1465 1577 1570 1604 mox

99 1622 468 1694 κατενεχυριασμός.
525 1629 612 1666 San.

213 1677 493 1752 ἐνεχυραζειν]
536 1680 630 1724 MS.
651 1679 935 1736 ἐνεχυριαζειν,
963 1678 1322 1752 κατενεχυριαζειν,
1354 1679 1572 1734 εἴσπραξις,

101 1737 336 1794 ἀπαίτησις·
368 1735 390 1781 ὅ
418 1739 460 1782 δὲ
486 1739 850 1795 κατενεχυριασμὸς
872 1757 916 1791 φ.
943 1738 1115 1778 omissis
1138 1736 1342 1780 ἀπαιτεῖν·
1364 1738 1432 1779 καὶ
1451 1754 1484 1778 τ.
1502 1753 1572 1787 πρ.
1605 1764 1607 1766 -

101 1798 181 1838 Illa
215 1811 318 1837 vero
349 1797 431 1835 tria
462 1797 588 1836 etiam
621 1810 695 1850 per
719 1814 760 1839 ια
781 1795 943 1848 syllaba
965 1795 1179 1850 amplius
1169 1810 1213 1834 m
1233 1809 1311 1834 suo
1333 1794 1432 1835 MS.
1456 1793 1574 1832 indi-

102 1863 172 1895 cat
199 1867 289 1894 esse
309 1854 484 1893 seberus
504 1863 663 1894 noster.
723 1854 861 1907 Supra
888 1869 961 1902 111,
991 1853 1059 1894 8⁴1.
1091 1851 1165 1891 ubi
1194 1854 1330 1907 vulgo
1351 1868 1574 1906 κατενεχυ-

102 1909 281 1967 ριάζειν,
313 1912 468 1950 Noster
496 1919 643 1950 contra
673 1907 1007 1966 κατειεχυρᾶζειν.
1066 1910 1126 1949 Et
1150 1909 1443 1950 inveniuntur
1465 1907 1573 1948 haec

99 1982 202 2009 saue
229 1968 403 2007 utrovis
425 1967 572 2008 modo.
631 1973 739 2008 Itmo.

215 2025 430 2080 ἐπληρωθη
447 2024 492 2068 τὸ
513 2028 589 2068 δικ.
601 2025 616 2079 ]
658 2024 752 2069 MS.
773 2024 874 2082 ἐρεῖς
891 2024 948 2076 δὲ,
980 2022 1192 2081 ἐκληρώθη
1214 2021 1260 2067 τὸ
1283 2025 1432 2068 §uxama
1452 2019 1570 2065 ἐκᾶθ.

99 2087 233 2125 sam.

219 2137 435 2194 ἐπληρώθη
456 2137 501 2183 τὸ
527 2140 607 2182 δικ.
618 2139 643 2204 ]·
679 2139 764 2178 Pro
787 2138 1005 2194 ἐπληρώθη
1030 2138 1124 2183 MS.
1150 2135 1362 2194 ἐκληρώθη
1387 2134 1575 2190 δικαστή-

106 2213 210 2253 ριον,
231 2197 324 2237 sine
341 2196 407 2239 τό·
439 2207 482 2238 et
504 2196 666 2237 omittit
686 2210 868 2250 sequens
890 2194 1133 2252 ἐπληρώθη·
1164 2197 1228 2237 sic
1249 2209 1375 2251 supra
1400 2208 1574 2248 quoque

105 2269 236 2310 segm.
270 2253 358 2297 123.
382 2269 460 2308 pro
487 2252 773 2308 πληρούντων,
801 2253 1063 2308 κληρούντων
1091 2253 1318 2295 tentabam.
1356 2251 1511 2292 habuit
1530 2260 1575 2290 et

109 2311 250 2350 seheri
275 2269 416 2351 nostri
447 2309 541 2353 MS.
573 2310 647 2350 hic
672 2309 881 2365 ἐκληρώθη
909 2309 952 2354 τὸ
977 2314 1055 2354 δικ.
1080 2321 1123 2350 et
1153 2313 1330 2352 alterum
1352 2312 1575 2364 vulgatum

108 2367 300 2408 nondum
321 2367 429 2407 mihi
449 2366 686 2422 persuadeo
705 2382 728 2408 a
748 2370 922 2407 Polluce
938 2367 1012 2408 hic
1034 2367 1244 2409 additum.
1302 2374 1406 2408 que.

223 2425 440 2480 ἐπληρώθη
469 2423 513 2468 τὸ
541 2422 823 2479 δικαστήριον]
867 2426 914 2468 C.
945 2426 994 2467 V.
1025 2422 1264 2481 ἐκκληρώθη
1294 2419 1575 2476 δικαστήριον·

109 2484 328 2548 vulgatam
362 2483 591 2523 lectionem
625 2482 740 2522 haud
772 2482 1042 2523 incommoda
1082 2482 1356 2548 expositione
1389 2480 1575 2520 forsitan

108 2538 251 2587 iuves;
283 2539 484 2578 nimirum
504 2544 762 2594 πληρουσθαι
782 2539 1041 2596 δικαστήριον
1062 2540 1150 2579 dici
1183 2539 1334 2594 possit,
1366 2553 1457 2578 cum
1479 2539 1577 2591 ple-

111 2609 190 2636 nus
212 2605 275 2636 est
295 2595 485 2637 iudicum
508 2611 733 2646 uumerus3
767 2607 809 2638 et
829 2596 968 2638 firmat
987 2608 1099 2640 certe
1122 2612 1209 2639 vox
1229 2595 1443 2653 πλήρωσις,
1467 2607 1577 2650 quae
