1664 3016
617 131 716 178 VII.
777 136 871 178 161.
1392 134 1477 178 467

6 248 99 289 nisi
117 249 230 289 forte
250 261 306 289 ex
330 257 459 301 prava
482 246 711 288 iteratione
733 255 777 291 et
800 257 953 287 vocum
975 244 1240 287 confunone'
1262 254 1370 287 orta.
1399 261 1476 288 πω-

10 307 277 360 ρασχοίνισμα
298 318 402 345 vero
426 305 541 344 forte
565 303 675 344 idem
708 319 802 344 cum
834 305 1057 358 σχοίνισμα,
1092 303 1215 343 cuius
1242 303 1364 343 vocis
1388 302 1474 342 Ho-

10 363 176 417 aeyoh'c‘us
195 371 238 401 et
259 361 381 405 Suid
401 361 684 402 meminerunt
705 375 783 415 pro
811 375 1018 411 mensura,
1051 363 1119 401 vel
1138 359 1234 400 viae
1261 369 1378 415 parte
1405 359 1475 398 di..

8 433 154 460 mensa
175 421 244 459 vel
264 418 548 473 possessione.
579 417 652 458 sed
674 432 754 473 ego
786 418 926 457 malim
936 419 1252 486 ,περισχοίνισμα
1270 417 1477 457 Pollucem

11 475 236 530 scripsisse
250 474 480 530 suspicari:
514 474 630 531 quod
660 474 763 530 quid
781 474 946 515 fuerit
934 488 1027 531 ipse
1050 475 1176 515 nobis
1198 473 1422 529 explicat
1410 489 1476 513 m

10 533 78 573 fra
101 531 336 579 v111,·124.
367 538 472 572 Imm.
1409 560 1414 566 .

123 595 281 645 σχοῖνος
298 598 379 630 etc.
380 591 399 644 ]
418 589 466 630 C.
478 589 530 630 V.
553 590 895 657 σχοινιοκίσχυνος
908 586 1139 644 ὅλὸσχοινος
1156 588 1477 643 παρασχοίνισμα

9 664 55 691 το
41 644 106 690 δὲ
114 649 292 701 σχοινίον
302 646 502 696 καὶκάλος
512 648 579 688 καὶ
589 643 783 689 καλώδιον
797 648 864 690 καὶ
883 652 1041 700 σχοῖνος
1055 647 1121 688 καὶ
1134 644 1389 700 σχοινοποιός
1410 646 1477 691 καὶ

8 701 182 749 iocum«
201 702 551 760 ίστοριογράφος”
535 706 661 747 ιστίον
682 713 762 744 etc.
796 718 848 744 ex
871 703 1025 757 quibus
1053 703 1157 742 haec
1178 701 1285 741 mihi
1304 702 1479 756 prodire

11 761 184 803 videtur
201 761 357 803 lectio:
390 763 581 816 σχοινίον,
610 767 784 815 σχοῖνος,
803 757 1045 814 ὄξύσχοινος,
1077 757 1320 814 ὅλὸσχοινος,
1349 775 1479 815 παρα

4 821 236 874 -σχοίνισμα.
261 817 306 861 τό
324 821 367 862 δὲ
389 821 565 872 σχοινίον
586 819 653 861 καὶ
673 818 805 868 κάλως
824 819 891 860 καὶ
907 816 1118 860 καλώδιον.
1148 815 1359 866 κόσκινος,
1384 831 1480 860 κοσ-

13 875 229 927 κινοποιός
244 877 312 918 καὶ
334 870 535 919 κόσκινον.
598 877 775 915 Iunc-um
809 884 983 914 acutum
1016 888 1039 912 a
1063 873 1235 915 Graecis
1271 873 1359 914 dici
1387 871 1480 925 ὀξύ·

7 948 191 989 -σχοινον,
223 931 525 973 crassissimum
551 947 652 972 vero
675 942 718 972 et
745 942 868 986 quam
889 931 1071 971 maxime
1089 931 1359 979 fruticosum,
1393 928 1480 974 ὁλό-

15 1005 179 1045 σχοινον
194 990 364 1031 Plinius
386 989 511 1030 docet
532 989 603 1032 lib.
625 1003 726 1030 xxx.
748 1002 840 1043 cap.
879 987 940 1029 18.
973 989 1295 1042 παρασχοίνισμα
1316 998 1380 1055 e'st
1393 987 1482 1044 su-

13 1048 181 1088 nieulus
193 1054 453 1100 praetentus,
495 1055 547 1086 ut
579 1046 636 1086 sit
662 1045 772 1086 idem
800 1043 916 1100 quod
944 1048 1265 1100 περισχοίνισμα.
1295 1042 1482 1095 κόσκινος

13 1114 57 1145 et
77 1101 267 1148 κόσκινον
286 1102 446 1144 habent
464 1103 665 1145 Veterum
693 1102 880 1150 ῧὶοεεαο,
913 1103 1110 1156 cribrum,
1128 1103 1481 1143 subeunte-ulum.

13 1167 167 1201 Kmmn.

127 1214 390 1287 ἷστιοράφος]
421 1214 685 1270 ἰστιορᾆάφος
716 1216 835 1259 Suid.
865 1221 948 1258 Seu.
1112 1243 1115 1245 -

128 1272 381 1328 ἰστιοράφος]
414 1276 529 1315 Male
553 1273 600 1313 C.
621 1275 672 1317 V.
684 1272 1014 1343 ίστοριογράφος.
1044 1279 1190 1313 Kumm.

126 1330 406 1388 ἰστιογράφος]
437 1332 519 1375 Pro
540 1329 779 1386 ἱστιοράφος
807 1331 899 1374 MS.
924 1339 1070 1371 noster
1095 1330 1276 1372 ridicule
1305 1333 1480 1403 ΐστοριο-

14 1386 189 1458 γράφος
205 1388 347 1433 habet.
389 1387 627 1442 ίστιοράφος
665 1398 715 1428 ut
750 1402 876 1441 supra
916 1386 1175 1442 segm.154
1205 1387 1480 1443 νευροράφος.

13 1443 275 1502 ἴστιορῤάφος
299 1456 420 1487 extat
446 1446 491 1485 in
513 1446 734 1499 Aria-toph.
759 1445 1124 1498 Thesmophoria.
1155 1446 1429 1501 longiuscule
1459 1461 1483 1487 a

15 1503 114 1545 fine.
147 1511 252 1544 Iunc.

56 1594 58 1596 -
125 1560 386 1614 πλησίστιος.]
413 1558 512 1601 MS.
535 1561 772 1614 πλησίστιον
793 1568 949 1600 neutro
964 1572 1130 1613 genere.
1189 1558 1270 1600 Sed
1292 1559 1370 1598 sub
1391 1563 1485 1600 vul-

16 1628 116 1674 gato
135 1617 442 1687 intelligitur''
416 1635 561 1671 ανεμος
585 1615 608 1660 ὁ
641 1615 788 1671 φορὸς,
825 1626 872 1655 ut
903 1616 1028 1656 etiam
1049 1615 1229 1669 Hesych.
1255 1626 1299 1657 et
1321 1612 1485 1657 διιίιίαε

17 1685 259 1730 exponunt,
293 1693 314 1718 ο
336 1679 496 1729 πληρῶν
513 1674 557 1716 τὸ
577 1676 704 1717 ἱστίον
723 1671 923 1727 δηλονότι.
955 1679 1062 1715 IUNG.

111 1732 389 1786 πλησίστιος.]
420 1731 784 1786 Falckenburgius
811 1730 937 1771 habet
957 1730 1208 1784 πλησίστιον.

129 1843 339 1910 κεραμερς]
370 1845 699 1899 Falck-enbrcrgii
720 1821 866 1886 Codex
885 1843 989 1884 huic
1012 1844 1111 1885 voci
1132 1845 1255 1885 istam
1276 1845 1487 1900 praemit-

17 1903 74 1943 tit
94 1901 441 1955 inscriptionem.
472 1920 562 1956 περι
577 1903 797 1957 κεραμέων.

130 1957 427 2014 κεράμειον]Μ
382 1957 476 1999 MS
489 1966 697 2013 κεραμεΐον
716 1974 794 2014 pro
813 1961 986 2013 vulgato
1009 1957 1237 2014 κεράμειον.
1257 1958 1309 2000 de
1333 1959 1484 2015 figlina

12 2015 202 2064 scilicet,
233 2018 299 2056 vel
319 2015 391 2053 ubi
415 2015 624 2065 eiusmodi
652 2015 960 2056 vendebantur.
993 2017 1251 2070 Hesychius:
1283 2024 1487 2074 κεραμεῖα,

16 2074 120 2118 ἔνθα
140 2071 187 2115 τὰ
209 2067 424 2126 ὀστράκινα
443 2070 561 2126 σκεύη
580 2072 854 2124 πιπράσκεται.
884 2078 989 2112 ΙυΝο.

133 2132 318 2185 κεραμίδε
323 2131 366 2183 ς]
407 2130 542 2170 Deest
571 2130 615 2168 in
634 2130 730 2171 MS.
762 2131 829 2172 καὶ
860 2139 958 2169 ante
994 2133 1216 2186 κεραμίδες.
1257 2131 1317 2170 ita
1345 2141 1486 2171 autem

15 2187 113 2230 MS.
140 2188 327 2257 κέραμος,
360 2189 580 2254 κεραμίδες,
619 2183 666 2228 οὗ
702 2185 828 2240 μόνον
851 2188 1043 2239 κέραμος,
1086 2190 1130 2230 αἴ
1154 2189 1217 2230 ἐπὶ
1243 2187 1322 2230 τῶν
1350 2190 1486 2242 τέγων.

27 2247 150 2287 Θουκ.
169 2248 204 2286 δ.
226 2242 263 2286 ά.
282 2246 381 2299 λέγει
409 2241 652 2298 κεραμεύειν.
696 2253 778 2285 etc.
801 2243 957 2284 omisso
981 2250 1223 2299 κεραμῶσαι.
1258 2259 1368 2299 quae
1400 2246 1488 2283 ita-

23 2314 106 2355 que
133 2301 394 2354 Thucydides
416 2301 538 2340 ambo
564 2300 690 2350 dixit,
721 2314 774 2339 an
807 2302 985 2354 κέραμον
1015 2313 1058 2341 et
1086 2304 1295 2356 κεραμίδα,
1329 2301 1380 2340 de
1420 2311 1489 2341 te-

25 2357 170 2411 gulis?
202 2359 271 2398 Sic
288 2373 388 2398 sane
423 2366 542 2410 puto.
600 2356 794 2410 Uterque
825 2356 938 2398 enim
962 2358 1221 2413 Thucydidis
1252 2361 1388 2408 locus,
1411 2359 1489 2397 vel

24 2412 151 2453 valde
172 2414 313 2482 failor,
335 2424 398 2455 est
419 2413 492 2454 lib.
517 2429 589 2452 111.
608 2414 798 2482 κατέβαλε
819 2413 894 2469 γάρ
920 2432 979 2464 τις
1002 2433 1081 2457 των
1098 2416 1342 2463 Πλαταιέων,
1374 2411 1488 2455 άντι-

21 2467 341 2524 λαμβανόμενος,
372 2468 450 2514 άπο
481 2476 560 2513 τῶν
593 2468 791 2526 ἐπάλξεων
821 2475 1038 2543 κεραμίδα·
1076 2472 1104 2526 ἡ
1133 2476 1316 2514 πεσοῦσα
1342 2469 1490 2522 ψόφον

23 2527 202 2578 ἔποίησε.
226 2539 268 2567 et
287 2528 493 2568 inferius:
520 2530 564 2570 αἴ
576 2544 615 2569 τε
633 2533 821 2582 γυναῖκες
835 2525 970 2578 αυτοῖς
981 2534 1187 2582 τολμηρῶς
1203 2526 1489 2582 ξυνεπελάβον·

24 2600 81 2635 το,
115 2582 377 2638 βάλλουσαι’
353 2585 437 2627 απὸ
458 2589 535 2626 τῶν
558 2586 699 2626 οἰκιῶν
717 2589 772 2641 τῷ
782 2585 953 2640 κεράμῳ.
984 2587 1058 2625 ubi
1076 2585 1341 2631 Scholiasta,
1358 2583 1491 2639 ἤγουν

20 2646 111 2690 ταῖς
131 2643 324 2697 κεραμίσι.
364 2642 415 2682 de
442 2641 706 2695 Corcyraeis.
739 2652 850 2682 certe
879 2641 987 2682 illud
1014 2639 1248 2695 κεραμεύειν
1278 2643 1390 2682 malo
1418 2640 1490 2682 ad-

1077 2699 1214 2752 Gg2
