1664 3016
703 119 823 160 VIII.
882 124 951 164 72.
1471 122 1554 164 685

97 231 196 271 nuit
223 238 321 270 ante
349 243 477 285 segm.
507 242 574 284 70.
604 231 675 270 hic
706 232 853 286 itaque
883 247 1027 272 rursus
1059 232 1183 273 debet
1199 234 1392 278 ἐκπεσεῖν,
1424 241 1554 286 atque

97 287 212 328 eiici.
238 286 336 327 MS.
356 286 523 326 habet’
502 291 712 340 εμπεσεῖν·
749 290 864 342 quod
885 304 973 329 non
994 288 1208 328 dubitabis
1227 303 1455 342 reponere,
1481 293 1554 329 in·-

96 343 269 382 cidere
249 358 297 381 m
307 344 556 386 custodiam.
584 347 669 384 tale
689 360 789 384 mox
805 348 1009 400 ἐμβαλεῖν,
1038 348 1222 397 iniicere,
1252 345 1367 400 quod
1388 346 1462 387 ine
1480 361 1554 401 pa-

97 398 222 448 titur,
254 397 301 448 ὂς
330 399 504 453 ἕμπεσεῖ
521 403 581 450 εἰς
607 400 890 456 δεσμωτήριον
920 409 1023 442 que.

209 466 411 534 ἐκπεσεῖν]
442 469 628 520 ἕμπεσεῖν
648 469 700 508 ad
726 471 850 512 MSS.
874 470 998 511 fidem
1021 469 1160 510 textui
1179 467 1370 512 reddidi:
1405 472 1491 523 Εἰς
1509 470 1556 515 ω’

97 521 367 580 δεσμωτήριον
388 527 591 580 ἐμβαλεῖν,
620 527 831 580 Diogenes
858 528 1109 567 Menedemo.

799 601 867 639 72-

210 651 284 692 και
300 648 473 703 δουσαν]
504 650 566 690 Ut
582 647 755 693 λουσαν·
786 667 895 705 qnae
925 653 1117 701 vincivit,
1147 662 1263 726 p'ost‚
1305 654 1430 692 iussit
1454 655 1555 693 vin-

98 707 197 758 cire,
227 704 356 775 βουλή
376 706 556 746 scilicet.
585 708 741 748 Herod.
770 709 969 760 Calliope,
999 708 1186 759 ἔδησαν’
1165 706 1440 763 εηὶθανατῳ·
1472 711 1554 753 ε’δὲ-

99 764 232 805 dew’
209 781 252 806 εν
273 758 376 818 ξύλῳ
394 764 650 821 σιδηροδέτῳ.
682 765 898 808 Demossh.
920 763 1065 808 ἀπεῖπε
1090 784 1146 820 μη
1174 768 1274 819 δεῖν,
1304 769 1441 806 vetuit
1458 768 1555 807 vin-

100 821 196 859 cire.
223 826 369 858 Kussrm.

210 877 278 918 καὶ
297 875 469 931 δοῦσαν]
499 878 549 917 In
565 877 664 918 MS.
684 876 800 918 deest
819 878 902 920 καί.
931 883 1042 917 que.

211 941 444 1016 ποδοκάκῃ]
473 946 683 985 Demosth.
706 954 853 984 contra
879 947 1099 984 Timocrat.
1122 945 1351 990 δεδέσθαι’
1329 965 1371 990 εν
1400 947 1451 1003 τῇ
1479 958 1557 991 πο.;

100 997 247 1057 δοκᾰκῃ
264 1018 333 1044 τον
356 1000 478 1053 πόδα,
510 1001 586 1041 ubi
610 1003 815 1054 Ulpianus
835 999 1061 1053 ποδοκάκην
1099 1002 1256 1056 accipit
1283 1018 1361 1057 pro
1397 1004 1557 1044 iustru-

100 1067 263 1106 mento,
292 1073 377 1114 quo
402 1059 539 1098 vincti
558 1057 687 1112 pedes
715 1071 946 1124 manusque
975 1068 1250 1112 torquentur,
1293 1059 1466 1114 dicique
1495 1061 1557 1100 ait

103 1114 230 1155 etiam
249 1114 544 1170 ποδοστράβην.
577 1115 644 1157 Gl.
674 1111 893 1166 ποδοκᾰκη,
924 1117 1085 1167 cippus,
1121 1117 1346 1168 compedes.
1377 1117 1437 1156 ita
1462 1117 1557 1157 vin-

103 1173 245 1210 culum
267 1181 377 1212 esset
392 1172 573 1226 simplex
592 1185 679 1210 nou
702 1169 943 1210 adhibitum
960 1172 1215 1228 quaestioni,
1230 1173 1304 1214 sed
1323 1173 1556 1216 custodiae.

101 1233 244 1267 Rom.

213 1292 446 1368 mdoxoixyg]
482 1295 619 1335 Gloss.
638 1297 864 1336 Νοηιίοαε·
896 1294 1155 1348 Ποδοκοῖκκη,
1187 1294 1307 1348 ξύλου
1333 1296 1381 1341 ‘to'
1403 1301 1447 1342 ἐν
1472 1306 1558 1353 εἱρ-

100 1351 191 1410 mii.
222 1354 267 1395 ἓν
286 1370 318 1407 ῳ
338 1370 430 1403 τους
442 1349 567 1402 πόδας
586 1350 849 1406 ἐμβάλλοντες
868 1352 1042 1406 ἔχουσιν,
1074 1372 1094 1397 ο
1113 1372 1228 1407 παρα
1249 1356 1470 1409 Ρωμαιόις
1487 1374 1558 1398 κα·

101 1399 229 1452 λεῗται
256 1410 440 1458 κοῦσπος.
497 1411 570 1449 De
601 1408 802 1466 ποδοκάκῃ
832 1420 986 1455 autem,
1019 1408 1184 1466 ξύλῳ,π
1154 1411 1424 1469 ποδοστρᾰβη,
1458 1430 1558 1455 πεν-

101 1468 338 1522 τεσυρίγγῳ,
375 1481 498 1506 nervo
534 1456 832 1520 similibusque
855 1454 1110 1506 salmasium
1138 1472 1314 1510 consule
1345 1460 1397 1509 de
1415 1469 1556 1509 Modo

102 1524 231 1564 Usur.
255 1538 298 1576 p.
319 1522 414 1564 812.
437 1533 480 1564 et
502 1524 615 1565 Sam.
639 1523 831 1563 Petitum
847 1522 900 1561 ad
922 1523 972 1564 L.
988 1524 1042 1565 L.
1061 1523 1152 1565 Att.
1175 1539 1215 1578 p.
1239 1524 1334 1578 570.
1394 1525 1559 1566 Addam

106 1580 159 1620 de
178 1578 281 1634 ξυλῳ
301 1579 484 1621 Libanii
513 1583 747 1634 elegantem
777 1582 934 1629 locum,
977 1581 1052 1632 qui
1077 1584 1218 1645 ΡΙυτθε
1248 1583 1375 1621 simul
1393 1583 1560 1623 Polluci

103 1645 253 1677 nostro
272 1635 345 1675 hic
365 1647 627 1676 enumeratas
649 1649 774 1676 voces
797 1636 1048 1677 illustrabit·
1079 1637 1117 1676 is
1145 1647 1209 1678 est
1230 1639 1438 1679 Oratione
1468 1654 1559 1684 vn,

107 1707 185 1747 pro
212 1693 488 1745 Aristophane
509 1707 551 1747 Ρ.
575 1691 670 1733 215.
691 1693 829 1735 τοῦτον
849 1695 930 1736 δὲ’
909 1711 952 1735 εν
977 1694 1032 1747 τῷ
1055 1698 1325 1762 Βουλευιηρίῳ
1352 1696 1445 1749 περι
1468 1712 1561 1739 κοι-

105 1750 186 1792 ’ὧν
213 1750 469 1805 φθέγγεσθαι
493 1767 750 1804 πραγματων,
783 1750 872 1793 δεόν
899 1751 941 1791 ἐν
962 1751 1016 1805 τῷ
1032 1749 1220 1805 οἰκηματι
1236 1770 1338 1808 προς
1357 1770 1449 1802 τους
1470 1755 1560 1795 δεσ-

107 1803 243 1862 μώτας
265 1809 361 1858 περῖ
379 1807 450 1850 τοῦ
480 1806 610 1857 ξύλου.
652 1805 851 1872 Εἱρκτήἔ,
890 1806 1010 1846 cuius
1042 1823 1142 1847 mox
1168 1809 1319 1849 Pollux
1349 1809 1557 1855 meminit,

109 1861 236 1902 modo
265 1862 311 1901 in
332 1863 494 1903 Glossis
520 1863 702 1904 habebas
730 1864 937 1917 aspirate:
974 1863 1047 1904 sed
1079 1865 1200 1905 aliter
1226 1866 1458 1919 Polyaenus
1482 1865 1558 1906 lib.

110 1934 196 1959 vn.
231 1920 298 1961 ἐπὶ
325 1936 400 1969 την
429 1918 587 1974 εἱρκτήν
622 1919 864 1989 ἄφικόμεναι
893 1937 986 1969 τους
1016 1918 1198 1975 ᾳύλακας
1228 1921 1476 1966 ἱκετεύουσι·
1517 1930 1562 1962 et

108 1973 223 2029 apud
252 1976 532 2029 Hesychium,
570 1974 723 2029 εἷρκτη.
767 1976 943 2031 φυλακη,
973 1975 1186 2031 «iomanem.
1232 1980 1371 2021 Gloss.
1394 1976 1562 2036 Εἰρκτη,

109 2040 283 2084 septum,
301 2047 464 2084 earcer3
495 2042 536 2073 et
553 2032 763 2100 εἰρκτικος,
793 2037 1056 2074 carcerarius
1076 2035 1121 2073 in
1139 2036 1422 2078 Onomastico.
1482 2042 1562 2080 Λε-

107 2089 237 2139 &fimo
251 2102 379 2142 porro
403 2089 605 2130 dicuntur
626 2090 699 2144 qui
717 2091 762 2128 in
781 2105 985 2131 carcerem
1008 2092 1315 2142 coniiciuntur,
1348 2093 1462 2133 unde
1494 2093 1563 2135 δέ-

110 2159 172 2196 σις
206 2144 319 2199 apud
353 2147 610 2187 recentiores
644 2149 933 2188 incarceratio.
975 2148 1144 2202 saepius
1177 2150 1400 2191 Oratores:
1442 2153 1483 2193 ἐν
1505 2167 1559 2203 τῳ

103 2204 371 2257 δεσμωτηρίῳ
386 2204 599 2256 δεδεμεᾝνος·
631 2206 678 2242 in
697 2205 870 2242 vincula
889 2206 1367 2255 coniectus.1systas'1n
1387 2206 1560 2260 Agorat.

109 2255 332 2312 ἐδεδέμεθα
361 2262 407 2298 in
429 2261 605 2298 vincula
631 2275 771 2300 sumus
800 2263 988 2300 coniecti.
1033 2262 1269 2301 Andocides
1299 2262 1350 2301 de
1380 2263 1560 2314 Myster.

111 2317 312 2356 Laertius
330 2316 701 2368 initioDiogenis·
729 2333 801 2358 τον
817 2319 888 2370 μὲν
907 2317 1078 2360 δεθέντα
1095 2315 1346 2360 α’ποθανεΐν
1373 2321 1415 2361 ἐν
1437 2320 1558 2369 δέσει,

110 2374 152 2415 ἐν
180 2375 341 2424 δεσμοῖς
376 2372 618 2419 ἀποθανεῖν,
650 2382 699 2412 ut
727 2373 946 2414 Historiae
967 2375 1294 2414 Ecclesiasticae
1319 2375 1558 2427 scriptores.

224 2428 398 2484 εἰργμός,
426 2429 576 2483 εἰρκτη]
607 2429 697 2472 MS,
717 2427 892 2486 εἱργμός,
921 2428 1073 2486 εἷρκτη.
1102 2429 1315 2485 quomodo
1329 2430 1441 2469 infra
1459 2429 1559 2471 edit.

112 2499 295 2541 quoque.
333 2485 419 2526 vid.
446 2501 571 2540 supra
592 2500 803 2541 segni-71.
825 2497 867 2527 et
889 2500 954 2542 72.
985 2493 1068 2527 San.

222 2552 399 2608 εἰργμός,
429 2549 581 2610 εἰρκτη]
612 2554 770 2595 Noster
789 2555 882 2595 MS.
904 2556 1050 2611 ψιλῶς,
1070 2564 1119 2594 ut
1139 2557 1288 2608 vulgo,
1301 2554 1413 2594 sicut
1434 2555 1560 2594 etiam

109 2610 235 2665 εἶρξαι
256 2619 299 2650 et
320 2613 532 2667 εἱρχθῆναι
551 2625 656 2669 quae
678 2622 1006 2665 praecesserunt.
1045 2621 1088 2652 et
1120 2611 1233 2651 infra
1269 2611 1558 2665 1X,45.pa-
