1664 3016
129 153 211 195 704
738 150 858 192 VIII.
917 155 984 196 88.

129 264 286 307 iuncta
354 264 462 304 Sunt
495 270 632 303 autem
669 276 724 302 ex
759 262 989 303 Aristotele
1029 265 1071 305 ἓν
1107 259 1346 316 Ἀθηναίων
1381 264 1586 318 πολιτείᾳ·

130 319 252 361 cui'us
270 319 395 359 verba
413 319 505 372 περὶ
521 319 790 371 θεσμοθετῶν
808 318 912 360 haec
937 320 1104 389 profert
1126 323 1419 391 Harpocratio
1445 321 1490 359 in
1509 339 1584 363 πα-

127 372 397 432 ράραῖστασις·
428 377 508 417 εἰσὶ
537 377 580 417 δὲ
611 378 764 430 γοαᾳαι
791 392 891 430 προς
919 373 1083 426 αὐτους.
1113 395 1170 418 ων
1195 375 1450 445 παράστασις
1470 379 1586 420 τίθε-

127 451 210 483 ται,
240 434 379 483 ξενίας,
420 434 486 474 καὶ
507 434 753 486 δωροξενίας,
794 432 843 473 ἅν
863 449 923 480 τις
953 434 1060 488 &aba
1091 432 1183 482 δούς
1207 431 1397 501 α’ποφύγῃ
1431 431 1506 484 τήν
1529 438 1585 484 ξε·

128 492 232 535 νιάν,
264 491 332 530 και
356 489 657 542 ψευδογραφῆς,
693 493 761 531 καὶ
789 492 1097 542 ψευδοκλητίας,
1129 491 1196 532 καὶ
1223 488 1484 544 βουλεύσεως,
1515 490 1585 533 καὶ

128 542 319 599 ἀργυρίου
335 543 486 597 (scribe
508 544 732 599 ἀγραφίου·
763 559 858 584 nam
880 545 994 600 apud
1020 547 1198 586 Saidam
1217 557 1282 587 est
1309 548 1510 603 γραᾳίου
1540 554 1585 588 et

129 602 175 641 in
194 603 298 654 epit.
331 601 425 642 MS.
448 610 610 639 tantum
637 604 754 654 ᾳιόυ)
777 620 842 644 και
863 603 1053 658 μοιχειᾝας
1084 609 1191 645 Iunc.

239 655 507 712 βουλεύσεως]
566 657 640 699 Sic
669 669 711 698 et
735 658 847 712 apud
873 661 1256 725 Harpen-rationem
1278 657 1449 701 dicitur.
1480 660 1584 699 Nos-

130 723 194 753 tro
213 726 336 768 supra
365 727 492 769 segm.
518 712 587 758 45.
615 713 931 767 ἔμβουλευσεως·
973 716 1085 755 sicut
1106 724 1148 755 et
1175 715 1310 756 eidem
1331 718 1587 769 Harpocra-

127 773 236 810 tiom'
259 772 303 809 in
326 768 518 824 η’γεμονίᾳ
540 773 798 826 δικαστηρίου
817 771 960 811 eadem
985 786 1090 827 quae
1109 770 1182 810 hic
1201 771 1414 813 referenti.
1445 778 1551 814 Iunc.

241 828 420 883 μοιχίας]
448 827 544 866 MS.
568 838 712 894 noster
730 829 935 883 μοιχείας·
968 838 1016 867 ut
1042 843 1167 882 supra
1190 829 1546 883 segm.4o.1uuo.

242 884 418 938 α’ρχαῒς.]
453 883 555 922 Post
578 883 720 939 ἀρχαῖς
739 885 955 940 distingue
973 887 1117 924 saltem
1142 893 1358 924 commate.
1386 891 1488 925 Iuno.

242 940 626 994 οἷηεψηφισμίνυυς]
656 944 836 994 Interpr.
875 941 1033 979 iudicio
1067 941 1278 991 liberatos,
1315 943 1436 980 male.
1468 950 1588 981 erant

131 999 244 1040 enim
266 998 341 1051 qui
361 996 583 1050 pauciores
606 1001 790 1037 calculos
820 997 1059 1037 habuerant
1078 1011 1100 1036 a
1123 995 1435 1051 popularibus
1423 1011 1468 1036 m
1488 1011 1591 1037 exa-

129 1056 242 1095 mine
264 1053 479 1107 civilegii,
511 1052 762 1109 iudicioque
791 1068 934 1094 eorum
958 1062 1078 1093 erant
1110 1053 1296 1106 exempti
1322 1066 1496 1093 numero
1523 1053 1588 1093 ci*

129 1111 245 1152 vium
270 1124 345 1164 per
368 1108 620 1163 διαψήφισιν
642 1115 873 1159 solennem,
906 1120 947 1150 et
965 1109 1049 1149 hoc
1069 1109 1290 1149 dicebatur
1309 1108 1586 1164 αποψῆφισις·

128 1169 166 1208 si
186 1166 502 1220 acquiescment
524 1164 625 1205 huic
654 1165 835 1218 iudicio,
869 1171 908 1208 οἱ
928 1162 1254 1221 ἀπεψηφισμένοι
1276 1167 1358 1205 iam
1380 1175 1470 1206 tum
1493 1181 1588 1206 cen-

130 1223 331 1263 sebantur
353 1221 464 1261 inter
481 1225 702 1275 μετοίκους,
731 1224 975 1276 inquilinos,
1007 1223 1043 1261 si
1064 1237 1162 1261 vero
1195 1236 1282 1262 non
1300 1232 1411 1264 stare
1429 1225 1588 1263 vellent

129 1280 209 1320 hac
230 1278 441 1319 sententia
463 1281 733 1331 populorum,
763 1289 805 1319 et
824 1280 1026 1318 iniuriam
1043 1279 1125 1318 sibi
1157 1279 1312 1317 factam
1340 1278 1588 1319 dictitarent

130 1348 152 1376 a
174 1333 391 1374 malevolis
415 1333 661 1381 tribulibus
693 1335 985 1389 provocabant
1008 1350 1030 1375 a
1050 1337 1292 1390 διαψηφίσει
1322 1333 1374 1374 ad
1407 1334 1583 1381 iudices,

131 1391 287 1447 quibus
319 1389 622 1431 Thesmotheta
654 1391 806 1432 iterum
836 1406 1004 1431 causam
1037 1390 1303 1445 proponebat
1334 1389 1473 1430 denuo
1497 1402 1590 1430 tra*

130 1447 354 1489 ctandam.
384 1447 459 1486 ille
487 1446 673 1499 interim,
707 1448 781 1502 qui
812 1458 1131 1513 provocaverat,
1164 1447 1440 1487 servabatur
1427 1461 1472 1486 m
1493 1462 1586 1487 car-

129 1519 221 1546 cere
240 1517 374 1557 usque
397 1502 450 1541 ad
482 1517 634 1544 causae
662 1481 979 1560 bognitionem3
1019 1518 1142 1544 causa
1169 1503 1340 1558 cognita
1371 1506 1441 1543 vel
1465 1503 1586 1543 resti·

129 1561 330 1601 tuebatur
353 1559 512 1598 civium
538 1575 712 1600 numero
738 1575 988 1614 provocans,
1020 1564 1088 1601 vel
1108 1559 1327 1599 tribulium
1354 1561 1585 1627 approbato

128 1616 292 1656 iudicio
318 1615 591 1658 vendebatur.
621 1619 770 1658 confer
795 1618 912 1659 Suid.
940 1618 984 1657 in
1020 1615 1266 1671 διαψήφισις
1290 1625 1332 1657 et
1360 1615 1587 1672 α’ποψήφι-

129 1691 215 1723 σις,
246 1672 457 1725 Harpoer.
494 1673 540 1713 in
568 1669 918 1729 α’ποψηφίζονται,
954 1676 1156 1714 Nostrum
1189 1687 1280 1727 cap.
1314 1671 1355 1714 4.
1382 1672 1480 1715 libr.
1511 1689 1584 1716 tu.

126 1737 273 1772 Itum.

240 1785 621 1853 ἀπεψηφισμένους]
653 1786 789 1842 Supra
812 1785 1172 1842 segm.18.1m‹c.

240 1841 523 1898 καταγιώσεις]
553 1844 714 1898 Legem
737 1843 788 1883 de
807 1842 886 1883 hac
915 1858 959 1884 re
991 1843 1168 1883 exhibet
1188 1841 1404 1882 Demosth.
1438 1849 1586 1881 contra

132 1902 312 1940 Timoor.
335 1914 427 1955 pag.
453 1902 547 1944 501.
566 1898 849 1955 καταγνώσεις,
881 1904 1106 1940 sententiae
1126 1915 1154 1939 a
1175 1908 1326 1938 senatu
1352 1899 1470 1936 latae
1490 1912 1585 1936 con·

128 1965 196 1995 tra
223 1958 446 2009 aliquems
474 1956 511 1995 si
541 1957 706 1995 scilicet
745 1955 967 1995 damnatus
1000 1971 1022 1996 a
1054 1966 1204 1996 senatu
1233 1955 1284 1995 ad
1313 1954 1582 1994 dicasterium

126 2021 390 2066 provocaret,
422 2022 463 2052 et
483 2012 593 2052 hanc
617 2012 966 2066 provocationem
992 2012 1208 2053 iudicibus
1241 2008 1597 2067 cognoscendam*

125 2067 422 2123 proponebant
445 2068 787 2108 Thesmothetae.
823 2075 969 2110 Ktmmr.

235 2121 512 2192 parastatae-J
545 2124 640 2164 Vid.
667 2125 875 2163 Suidam'
864 2141 909 2164 ιιι
933 2123 1120 2181 α’γραφου
1145 2123 1354 2182 μετοῖλλου.
1382 2131 1490 2164 Imm.

236 2178 474 2234 ἐλεύθερον]
506 2181 608 2220 Post
631 2176 847 2233 ἐλεύθερον
868 2193 1072 2236 punctum
1097 2189 1358 2238 pone.1mw.

236 2235 321 2279 vino
338 2235 540 2291 συβόλων]
572 2238 712 2335 Supba
729 2238 1083 2293 segm.63.1m‹c.

234 2297 393 2349 ψευδομ
400 2293 697 2349 αρτυριαῖν]()
737 2294 1178 2353 Ἇψευδομαρτύρων.
1190 2351 1194 2354 .
1208 2294 1328 2351 prius
1344 2293 1426 2334 iam
1454 2307 1581 2348 supra

123 2359 332 2392 notatum.
363 2357 512 2392 Kmsxm.

236 2464 314 2508 ὅσα
336 2464 361 2508 o‘
380 2463 514 2521 ἄρχων
531 2463 673 2517 ποιεῖ]
705 2463 765 2502 Ηὶ
788 2465 906 2505 tituli
938 2466 1066 2507 etiam
1097 2466 1143 2505 in
1161 2464 1252 2508 MS.
1278 2464 1582 2505 intercurrunt.

123 2527 309 2563 Iunonum.

235 2578 259 2621 o‘
277 2580 318 2619 δὲ
339 2577 426 2632 ἄρχ.
455 2577 611 2619 διατίθ.
642 2594 690 2629 με
674 2576 714 2618 ἓν
735 2579 831 2631 eta]
866 2577 999 2618 Abest
1026 2593 1046 2617 a
1070 2577 1116 2621 C.
1137 2578 1188 2618 A.
1223 2577 1274 2617 de
1294 2577 1582 2622 Archontibm

123 2635 220 2677 vide
240 2638 481 2675 Mean-tum.
512 2631 728 2683 Διονυσια,
769 2634 875 2675 festa
897 2637 1066 2676 Bacchi
1090 2635 1282 2691 gemina,
1321 2634 1511 2677 vernalia
1540 2644 1584 2674 et
