1696 3028
672 132 776 178 VII.
833 135 903 179 97.
1442 131 1528 177 865

177 244 380 306 dlicuom]
396 249 495 293 MS.
514 245 705 307 ὀλίσβους
721 257 850 290 recte.
879 246 942 288 sic
956 245 1138 303 >et-upud
1161 246 1418 290 Clementem.
1447 259 1528 288 uec

62 304 189 347 aliter
212 308 541 362 Aristophanem
564 306 784 361 scripsisse
810 315 933 361 puto.
973 304 1083 345 illud
1110 321 1139 345 u
1166 306 1375 347 Graecum
1403 305 1473 344 vel
1502 306 1532 359 β

59 362 192 404 facile
213 362 261 403 in
277 381 303 407 κ
325 364 474 419 potuit
493 364 714 405 mutariab
724 363 1002 418 exscriptore.
1033 361 1150 417 quod
1170 361 1381 418 quamvis,
1401 363 1531 416 quale

58 419 208 473 fuerit,
238 420 320 461 tibi
344 421 561 476 explicare
588 435 677 462 non
696 421 872 475 possim.
903 420 990 459 imo
1014 419 1128 460 forte
1150 433 1229 460 nec
1251 419 1345 474 ipse
1371 419 1530 458 Pollux

59 476 319 530 explicasset
343 478 421 519 has
454 493 620 535 nugas:
665 487 805 518 tamen
840 487 949 532 puto
975 475 1022 516 id
1047 477 1174 517 etiam
1214 475 1262 516 in
1293 475 1382 516 illis
1414 473 1530 531 apud

57 533 346 588 Enyo-bium.-
380 535 577 591 μισητὴν,
610 535 775 590 μισηταὶ
805 534 848 578 δὲ
873 539 1060 592 γυναῖκες
1078 531 1278 591 ὄλίσβοισι
1299 530 1529 588 χρήσονται,

58 590 138 630 ubi
176 605 350 648 quoque
386 592 538 634 eodem
581 592 737 634 mendo
774 601 840 633 est
885 589 1110 635 ὀλίσκοισι.’
1151 601 1201 631 ut
1238 590 1419 645 scripsi,
1467 589 1530 630 ita

60 661 237 703 quoque
267 650 463 706 reposuit
491 648 754 705 Sylburgius.
812 649 927 693 Sunt
960 662 1061 690 vero
1095 648 1266 688 Cratini
1291 646 1441 699 verba,
1479 656 1533 687 ut

57 719 113 745 ex
144 706 281 759 Snida
311 707 359 748 iu
398 705 574 763 μισήτην
602 708 788 763 legitur,
830 705 906 746 ubi
932 705 1075 746 minus
1108 714 1309 760 corrupte
1338 700 1533 759 σ’λίσβωσι
1566 728 1568 730 ·

58 760 210 815 habes,
242 778 373 819 quum
405 783 445 808 οι
471 765 640 805 scilicet
667 779 887 820 perperam
918 763 1158 804 coaluerint
1184 762 1232 801 in
1261 780 1307 804 ω.
1365 761 1422 801 Et
1443 762 1532 801 fuit

60 817 106 858 id
124 820 349 877 κοσμάριον
367 822 483 862 forte
499 824 640 880 αἰδοίῳ
660 836 748 863 non
771 821 984 872 absimile,
1013 829 1062 860 ut
1081 820 1187 860 alias
1218 817 1334 873 apud
1351 820 1533 858 Aristo-

54 876 239 930 phanem
262 877 335 922 τὸν
361 878 530 937 ὄλισβον
559 888 803 936 exponunt.
858 878 1018 920 Versus
1046 891 1149 919 vero
1179 876 1254 916 hic
1272 885 1442 917 constat
1460 890 1533 916 sa-

57 933 132 986 tis,
163 944 212 974 ut
230 947 362 990 puto:

172 991 452 1050 πομφόλυγας,
481 990 755 1048 ἆποδὲσμους,
785 989 991 1048 ὀλίσβους,
1021 988 1181 1048 σάρδια.
1211 996 1324 1031 que.
1476 1027 1480 1030 ,

172 1047 376 1106 ὄλίσκους]
408 1051 769 1105 Falokenburgins
786 1049 918 1090 habet
945 1055 1114 1101 σολλους
1139 1052 1266 1106 βοεῖς,
1297 1061 1407 1104 quae
1439 1061 1497 1089 no

59 1104 276 1163 intelligo,
311 1123 391 1150 nec
408 1109 501 1160 alii,
519 1118 643 1163 puto,
661 1122 840 1148 mecum.

171 1160 383 1222 ὗποδέρεις
400 1165 501 1220 etc.]
534 1164 581 1208 G.
603 1165 657 1209 Α.
677 1163 894 1219 ὗποδερεῒς
908 1164 942 1210 ἕ.
973 1175 1138 1206 caetera
1167 1163 1338 1214 absunt,
1368 1177 1449 1203 uec
1471 1166 1532 1204 le·

59 1219 124 1275 git
143 1221 329 1264 Salmas.
351 1237 532 1279 quorum
552 1237 715 1271 seusus,
745 1223 820 1262 sed
835 1222 944 1262 unde
961 1226 1049 1262 sint
1068 1224 1150 1262 illa
1170 1238 1247 1262 nec
1270 1221 1444 1260 dicendo
1465 1221 1532 1268 da}

58 1281 185 1321 xer-ie.
214 1278 322 1321 adeo
342 1280 521 1320 obscura
542 1290 608 1320 est
635 1280 761 1336 origo
779 1294 938 1320 eorum.
955 1294 1051 1335 pars
1071 1280 1197 1320 etiam
1218 1294 1240 1319 a
1264 1279 1444 1320 Comico
1467 1278 1533 1319 vi·

59 1333 186 1376 detur
209 1335 306 1377 ficta
329 1336 382 1377 ad
403 1335 685 1377 traducendas
709 1337 935 1377 mulierum
966 1337 1212 1380 munditias.
1240 1340 1388 1377 Kumm.

168 1389 396 1450 ὖποὸἐρεις]
425 1394 523 1436 MS.
547 1391 768 1451 ὗποδερεῖς,
794 1395 1020 1450 ἑλικτῆρας.
1050 1409 1160 1450 quae
1189 1406 1430 1448 sequuntur
1448 1391 1533 1434 hoe

58 1450 214 1505 capite,
247 1449 418 1493 desunt.
477 1449 528 1494 Si
552 1454 670 1508 legas
701 1449 961 1505 ὖποδερίδας,
1003 1466 1099 1491 eum
1133 1451 1351 1501 Clemente,
1387 1464 1532 1491 versus

57 1505 234 1548 initium
257 1509 390 1550 fuerit
408 1510 612 1565 ἔμμετρον.
644 1508 718 1550 sed
743 1507 909 1565 gaudeo
940 1508 1254 1563 perambulasse
1280 1507 1398 1547 hune
1428 1523 1534 1546 mu-

56 1563 256 1605 liebrium
296 1580 507 1622 nugarum
547 1581 758 1621 campum.
829 1565 973 1620 Caput
1012 1566 1206 1621 sequitur
1238 1580 1380 1604 xxxn.
1409 1565 1533 1605 cuius

58 1620 141 1662 iste
161 1621 315 1663 titulus
338 1623 386 1663 in
406 1624 503 1666 MS.
521 1625 611 1680 περὶ
624 1628 785 1679 τεχνῶν,
815 1626 859 1666 αἳ
878 1620 1179 1678 ὑποβάλλουσιν
1203 1621 1305 1676 ὕλην
1334 1628 1420 1671 ταῖς
1445 1627 1534 1665 λοι·-

56 1684 176 1730 παῒς·
204 1680 382 1736 καὶπερὶ
401 1686 556 1735 χρυσοῦ
573 1682 776 1736 μετάλλων
793 1682 860 1724 καὶ
878 1676 1078 1751 ἀργύρου,
1105 1686 1179 1737 γῆς
1201 1697 1240 1723 τε
1271 1681 1532 1735 σιδηρίτιδος.

56 1739 216 1791 χαλκοῦ,
244 1739 315 1781 καὶ
345 1742 426 1781 τῶν
455 1737 587 1782 ἄλλων
605 1737 824 1794 μετάλλων,
858 1739 928 1781 καὶ
959 1756 1008 1782 ου
1037 1743 1118 1781 τῶν
1147 1738 1370 1794 εἰρημένων
1386 1734 1531 1792 μόνον,

58 1795 225 1837 καὶτῶν
246 1791 416 1850 ὁμοίων,
446 1791 547 1839 άλλά
568 1798 634 1841 καὶ
649 1800 784 1840 λίθου.
814 1803 921 1868 que:
958 1850 971 1869 ⁹
1014 1847 1026 1866 ’
1070 1850 1082 1867 ’

241 1847 254 1865 Ι
1133 1847 1151 1867 ἵ

174 1850 245 1893 ἄλλ
270 1848 352 1906 ἐφ’
371 1846 446 1908 ὧν]
477 1855 562 1895 Pro
584 1854 672 1894 illis
700 1853 853 1894 Nostri
884 1857 955 1895 αλλ
1002 1870 1063 1906 αφ
1118 1869 1177 1895 ων
1210 1850 1385 1892 doctiss.
1414 1866 1532 1892 meus

58 1908 283 1948 Kuehnius
302 1907 356 1949 ad
378 1909 557 1951 Codicis
588 1925 704 1951 oram
726 1909 956 1966 legendum
989 1910 1195 1951 coniicit:
1228 1908 1328 1953 ἄλλα
1353 1905 1425 1963 ἐφ’
1457 1904 1531 1952 οἷν.

171 2021 266 2076 περὶ
286 2023 389 2078 μετ]
418 2024 595 2065 Titulus
610 2024 656 2065 in
677 2025 728 2068 C.
749 1972 943 2069 {taust
973 2025 1066 2080 περὶ
1094 2028 1246 2080 τεχνῶν
1264 2026 1310 2068 αἱ
1325 2020 1535 2097 ὑπερβάλ-

59 2083 203 2124 λουσαι
224 2078 326 2135 ῧλην
344 2086 431 2132 ταῖς
445 2086 616 2132 λοιπαῖς.
644 2083 776 2124 Salm.
798 2081 920 2123 addit
935 2084 1003 2125 καὶ
1020 2083 1115 2139 περὶ
1140 2087 1294 2138 χρυσοῦ
1321 2084 1387 2125 καὶ
1414 2081 1535 2138 αργύ·

59 2154 134 2193 ρου
153 2141 231 2193 γῆς
249 2155 292 2182 τε
309 2140 506 2193 χρυσιτία,
535 2145 686 2194 χαλκοῦ
702 2141 771 2183 καὶ
784 2144 865 2182 τῶν
882 2137 1015 2182 ἄλλων
1045 2138 1246 2194 μετάλλων
1273 2141 1345 2183 καὶ
1376 2136 1424 2184 οὗ
1453 2145 1535 2183 τῶν

59 2197 282 2252 εἰρημένων
297 2195 427 2251 μόνον
452 2192 551 2239 άλλά
571 2198 641 2240 καὶ
660 2199 797 2240 λίθου.
829 2197 890 2237 ita
910 2198 1116 2237 Salmas-ii
1137 2196 1298 2238 Codex.
1329 2204 1475 2237 KussnN.

170 2252 353 2308 λέγομεν]
383 2254 481 2295 MS.
501 2256 675 2310 λέγωμεν
694 2271 728 2296 τ.
746 2272 779 2296 τ.
798 2251 833 2298 δ’.
852 2260 939 2304 ταῖς
956 2253 1086 2305 ὕλαις.
1146 2255 1264 2295 Bene
1286 2255 1396 2295 illud
1416 2256 1534 2311 λέγω·

58 2326 148 2365 μεν,
180 2310 295 2365 quod
313 2323 391 2366 pro
409 2313 590 2367 vulgato
611 2310 904 2365 recipiendum
932 2322 1039 2366 puto
1069 2318 1176 2352 que.

173 2367 350 2423 λέγομεν]
382 2369 554 2425 λέγωμεν
573 2382 651 2422 pro
670 2369 834 2423 λέγομεν
851 2369 980 2421 prior.
1004 2370 1108 2412 edit.
1124 2385 1147 2409 e
1162 2367 1262 2411 MS.
1281 2369 1446 2422 optimo
1468 2367 1533 2408 Cl.

62 2424 374 2478 langermanni
402 2424 648 2478 emendavi,
679 2424 797 2480 quod
823 2425 954 2479 illud,
985 2440 1110 2482 quam
1146 2426 1247 2477 hoc,
1278 2425 1426 2466 sensui
1446 2440 1533 2464 ma-

60 2480 128 2536 gis
150 2480 208 2519 sit
229 2493 391 2536 aptum.
1036 2519 1039 2522 .

143 2590 155 2606 ν
174 2539 397 2593 μεταλλεῖα]
428 2538 529 2580 MS.
559 2540 743 2595 μεταλεία
771 2548 814 2580 et
845 2538 1033 2597 μεταλεῦς
1054 2555 1143 2582 uuo
1164 2545 1197 2583 λ.
1220 2549 1262 2580 et
1291 2538 1447 2579 desunt
1466 2539 1533 2583 καὶ

0 2624 1 2627 =
60 2598 274 2649 μεταλλειν,
305 2599 386 2639 καί.
416 2603 521 2638 que.

173 2653 244 2696 κᾶὶ
270 2651 485 2709 μετάλλειν]
526 2652 660 2695 Abest
693 2669 716 2695 a
747 2654 796 2698 C.
828 2656 883 2699 A.
914 2666 964 2697 ut
985 2665 1029 2697 et
1057 2656 1127 2699 καὶ
1151 2649 1437 2706 ἇνασκάπτειν,
1464 2655 1533 2698 καὶ
1576 2697 1582 2702 ,
