1664 3016
143 117 226 161 748
736 111 859 155 VIII.
910 113 1014 158 107.

145 229 290 281 Sigon.
313 225 386 268 lib.
410 240 470 268 xv.
502 224 554 267 de
583 226 694 281 Rep.
723 224 880 268 [Athen.
917 242 952 269 c.
984 229 1062 268 ult.
1088 236 1131 269 et
1160 229 1219 268 H
1241 227 1381 280 Sceph.
1402 226 1599 283 Adpeno.

143 284 196 326 de
217 284 336 324 Dial.
358 282 490 324 Attio.
513 297 548 323 c.
576 282 638 324 16.
671 292 808 324 tmem
833 283 874 326 4.
905 299 962 326 ex
984 284 1079 324 aliis
1103 284 1365 326 auctoribus.
1423 292 1531 325 Iuno.

253 340 345 394 περὶ
375 342 598 393 ἴεροποιων.
611 341 626 393 ]
666 337 873 394 ἱεροποιὸν
901 342 963 391 δὲ,
1004 341 1145 396 inquit
1183 343 1392 393 Ulpianue
1421 341 1466 380 in
1497 343 1597 381 ,De-

143 397 367 438 ιηοειῆεηίε
403 397 670 448 Midianam,
715 401 878 439 καλοῦσι
905 394 974 440 τόν
1010 396 1280 441 ἐποπτεύοντα
1316 396 1411 448 τούς
1437 396 1597 452 μάντεις

143 472 205 496 οτι
234 451 408 505 θυουσι,
440 470 493 507 μη
521 450 603 495 πού
634 470 670 495 τι
700 458 976 509 κακουργῶσιν
1000 455 1043 496 ἐν
1062 461 1146 504 ταῖς
1166 457 1350 504 θυσίαις·
1380 455 1528 509 itaque
1551 464 1596 494 et

143 510 228 550 hoc
247 510 380 550 fuerit
401 523 545 549 eorum
566 509 757 549 officium
779 520 944 563 praeter
964 510 1046 549 alia
1071 525 1177 565 quae
1200 521 1404 551 memorat
1418 512 1593 551 Noster.

144 566 362 606 adhibitos
388 576 528 606 autem
554 566 819 620 aruspicibus
850 565 1084 622 quosdam,
1114 580 1294 621 quorum
1327 578 1417 608 erat
1449 567 1596 608 obser-

143 637 263 674 vare,
300 637 354 663 an
382 622 492 662 bona
527 621 608 663 fide
639 633 836 677 agerent,
875 637 932 664 ex
959 623 1218 679 antiquitate
1243 633 1409 666 notum.
1456 626 1597 678 Hesy-

144 680 287 719 chius:
326 677 574 733 Ἵεροποιοι,
614 678 838 733 ἕπιμήνιοι,
878 679 923 719 id
949 689 1038 730 est,
1069 683 1186 720 sacri
1225 683 1464 733 antistites,
1509 694 1593 735 quo

143 736 274 776 modo
296 735 341 776 id
359 738 477 778 vocis
507 736 757 790 capiendum
787 751 876 778 esse
907 736 991 777 hoo
1027 739 1126 777 loco
1151 735 1276 778 docet
1293 737 1361 782 vir
1379 736 1594 776 maximus

146 794 340 833 seldenus
360 791 412 834 ad
433 794 755 845 Smyrnaeorum
772 795 982 846 Decreto3
1010 792 1165 834 ibidem
1184 792 1289 834 haee
1309 806 1480 849 quoque
1492 792 1594 834 Pol-

144 850 251 889 lucis
269 849 406 890 nostri
427 850 565 891 obiter
588 851 739 905 tangit.

257 910 572 962 πενταετηρίδας.
577 907 597 963 ]
632 908 975 961 Quinquennalia
995 907 1212 957 sacr-{sicia
1233 904 1458 960 ὄλυμπίαζε,
1476 914 1593 960 puta,

145 978 234 1004 non
275 963 458 1004 exclusis
495 965 592 1004 aliis
633 963 772 1012 ludis,
811 978 917 1018 quos
952 964 1084 1020 ἱεροὺς
1109 962 1335 1003 vocabant.
1374 963 1487 1003 inter
1513 963 1593 1003 ista

147 1021 485 1074 quinquennalia
515 1035 629 1061 sacra
663 1031 783 1060 erant
813 1029 856 1061 et
882 1019 1028 1074 Δηλια.
1056 1020 1235 1074 leucyd.
1253 1019 1350 1063 libr
1376 1035 1448 1061 111.
1480 1023 1529 1059 ut'
1550 1028 1594 1059 et

144 1079 416 1127 Brauronia,
473 1087 521 1116 ut
554 1077 685 1117 tradit
722 1080 885 1118 flffezcrs.
937 1078 1120 1117 Graecia
1160 1078 1351 1120 Fet-iata.
1400 1075 1594 1117 meminit

143 1136 458 1187 πενταετηρίδων
477 1140 522 1176 θ.
546 1134 746 1174 Herodot.
774 1134 850 1175 lib.
869 1149 907 1174 v.
935 1149 1029 1189 pag.
1050 1133 1117 1188 57.
1162 1144 1205 1174 et
1223 1132 1443 1173 Demeam.
1467 1132 1595 1187 epist.

147 1190 188 1237 5,
218 1205 296 1244 pro
324 1192 468 1231 liberis
490 1192 692 1245 Lycurgi,
723 1200 772 1230 ut
793 1200 915 1231 notat
943 1192 1087 1234 Vale-⁹.
1145 1197 1290 1231 Knem-

257 1249 608 1302 πενταετηρίδας.]
640 1247 733 1288 MS.
754 1246 824 1297 τὰς
839 1251 1134 1302 πεντετηρίδας.
1190 1253 1298 1288 Imm.

256 1303 332 1359 τήν
363 1307 405 1348 ἐν
430 1305 641 1358 Βαυρῶνι]
673 1306 846 1344 Dianae
864 1305 1150 1344 Brauroniae.
1181 1303 1274 1347 vid.
1295 1303 1447 1346 iterum
1469 1303 1521 1344 G.
1544 1304 1594 1347 F.

144 1363 337 1402 Meursii.
369 1361 418 1403 C.
439 1362 494 1403 V.
511 1361 760 1416 simpliciter
781 1366 1007 1415 Βραυρῶνι.
1063 1369 1213 1402 Ktmmv.

253 1418 328 1473 τὴν
347 1420 390 1462 ἐν
411 1423 614 1474 Βαυρῶνι]
644 1418 785 1458 Miror
803 1429 888 1458 tam
909 1417 984 1457 diu
1008 1427 1250 1472 corruptum
1273 1417 1594 1459 mansisseBoev-

145 1480 264 1531 ρῶνι
296 1476 412 1530 quod
443 1485 486 1515 et
505 1478 564 1516 H.
586 1476 822 1527 Stephanus
840 1475 899 1514 ita
922 1475 1102 1514 retinuit
1120 1475 1166 1513 in
1187 1473 1384 1528 Adpend.
1404 1473 1455 1514 de
1475 1474 1591 1515 Dial.

143 1533 275 1575 Attio.
306 1533 405 1577 MS.
435 1542 579 1573 noster
608 1536 835 1587 Βραυβαῖνι.
894 1533 952 1571 Et
979 1532 1160 1571 ortelius
1191 1531 1237 1571 in
1264 1544 1344 1571 suo
1369 1529 1593 1570 Thesauro

145 1590 467 1644 Geographico,
506 1604 612 1629 voce
642 1591 883 1637 Braurum‚
914 1590 975 1628 ait
1001 1589 1197 1627 Bam-um
1225 1591 1398 1642 Βαυρῶν
1430 1586 1516 1642 legi
1545 1586 1590 1625 in

145 1648 363 1700 Euripidcs
383 1646 520 1701 Iplug.
546 1648 670 1687 Taur.
702 1645 925 1697 mendose,
955 1655 1004 1684 ut
1032 1645 1302 1685 annotaverit
1323 1644 1590 1696 Harlungus

144 1705 307 1744 Eadem
337 1713 497 1755 tamen,
533 1703 618 1753 ait,
650 1705 767 1744 lectio
799 1703 917 1755 apud
941 1705 1019 1743 Iul.
1041 1703 1257 1741 Pollucem
1285 1709 1356 1743 est.
1385 1700 1456 1739 lib.
1483 1713 1590 1740 7111.

145 1759 231 1803 Sed
265 1771 376 1802 reete
399 1761 679 1814 Hartungus:
711 1770 754 1801 et
780 1759 891 1813 apud
911 1760 1128 1798 Pollucem
1155 1757 1227 1797 hic
1255 1772 1334 1812 ego
1355 1757 1496 1797 statim
1518 1771 1592 1795 su-

147 1819 336 1871 spicatus
354 1818 418 1857 fui
440 1818 489 1857 de
509 1817 677 1863 mendo,
715 1831 843 1873 quum
865 1816 974 1855 mihi
991 1817 1190 1855 Brauron
1208 1815 1348 1854 Attica
1370 1814 1592 1853 notissima

146 1874 192 1913 in
214 1885 393 1915 mentem
413 1874 588 1914 veniret.
648 1875 706 1913 Et
733 1874 883 1912 Noster
902 1873 1016 1912 infra
1041 1887 1103 1923 rx,
1126 1872 1192 1925 74.
1220 1877 1292 1925 τῆς
1312 1872 1355 1913 ἐν
1377 1868 1592 1941 Βραύινρωιι

143 1933 315 1985 ἱερείας,
345 1931 417 1970 ubi
449 1931 574 1971 etiam
606 1933 698 1986 lege
725 1931 767 1973 ἐν
791 1933 1016 1984 Βραυρῶνι.
1074 1930 1128 1969 Et
1156 1928 1229 1968 hic
1257 1926 1430 1969 emenda
1450 1926 1524 1981 τὴν
1548 1928 1591 1970 ἐν

146 1991 383 2043 Βραυρωνι,
414 1986 531 2042 quod
569 1988 694 2027 etiam
721 1987 781 2026 ita
804 1987 899 2030 MS,
925 1986 1072 2036 habet,
1105 1995 1154 2025 ut
1183 1985 1298 2036 dixi,
1328 1988 1474 2025 saltem
1505 1998 1591 2024 uua

142 2044 286 2085 littera
319 2054 531 2096 corrupta.
589 2044 680 2084 Nec
716 2043 838 2083 aliter
872 2043 1065 2112 agnoscit
1094 2041 1309 2084 eruditiss.
1364 2042 1445 2092 Qu.
1479 2041 1589 2111 Sept

142 2102 313 2141 Florem,-
332 2099 384 2139 ad
406 2099 589 2155 Εἰρηνην
610 2101 827 2171 Λνίειιζρῖι.
851 2100 912 2140 ibi
937 2098 1036 2152 αὕτη
1067 2102 1223 2156 θεωρία
1257 2100 1364 2149 στιν,
1394 2096 1447 2151 ’ἣν
1474 2094 1592 2151 ἡμεῖς

141 2159 237 2200 ποτὲ
254 2159 441 2211 ἐπαίομεν
470 2163 694 2213 Βραυρῶνα
718 2155 758 2199 δ’
774 2155 1116 2206 ὑποπεπτωκότες.
1175 2157 1413 2196 Herodotus
1445 2163 1591 2194 noster

145 2216 396 2268 Melpomene
409 2229 498 2269 cap.
526 2214 614 2256 145.
646 2215 894 2265 ἐξελαθέντες
918 2211 999 2257 υπὸ
1025 2217 1239 2269 Πελασγων
1270 2214 1313 2255 ἐκ
1330 2214 1588 2279 Βραυρῶνος.

143 2274 332 2312 ,Et-atone
358 2286 449 2325 cap.
482 2269 573 2314 158.
615 2270 665 2311 de
691 2271 834 2312 eodem
866 2272 948 2312 hoc
969 2272 1104 2312 festo·
1137 2273 1179 2314 οἷ
1195 2270 1237 2312 δὲ
1258 2270 1456 2323 Πελασγοὶ
1477 2284 1589 2310 ουτοι

145 2339 228 2370 etc.
259 2324 306 2372 εὖ
323 2346 364 2372 τε
394 2327 684 2382 ἐξεπιστάμενοι
704 2327 774 2378 τοὶς
792 2327 1030 2383 Ἀθηναίων
1052 2325 1170 2380 ὁρτὰς
1189 2344 1331 2377 αυτων,
1366 2341 1590 2394 πεντηκον-

141 2387 280 2441 τέρους
307 2385 563 2458 κτησάμενοι,
593 2383 784 2440 ἐλόχησαν
805 2384 1004 2442 Ἀρτέμιδι
1025 2387 1066 2427 ἐν
1089 2388 1299 2437 Βραυρῶνι
1326 2380 1501 2437 α’γούσας
1524 2378 1590 2432 ὅρ-

141 2443 215 2496 τὴν
237 2443 307 2492 τὰς
327 2460 407 2485 των
423 2441 662 2498 Ἀθηναίων
684 2450 890 2498 γυναῖκας.
951 2443 1066 2483 Nolo
1091 2442 1197 2481 alios
1228 2439 1457 2479 historicos
1486 2437 1590 2476 infi-

142 2502 259 2541 nitos
307 2499 529 2543 adducere.
576 2502 834 2571 Hesychius.-
878 2497 1096 2554 Βραυρων,
1137 2497 1260 2546 τόπος
1289 2514 1360 2549 της
1388 2492 1587 2547 Ἀττικῆς·

143 2560 419 2617 Βραυρωνίοις
437 2559 510 2614 τήν
536 2555 668 2601 ἶλιάδοι
683 2551 786 2613 ’ᾖδον
805 2560 992 2614 ῥαψῳδοὶ
1011 2557 1053 2598 ἐν
1077 2559 1288 2609 Βραυρῶνι
1307 2570 1378 2606 της
1391 2550 1588 2605 Ἀττικῆς·

143 2635 209 2661 και
235 2619 474 2673 Βραυρωνία
503 2613 618 2673 ἑορτὴ
650 2612 849 2671 Ἀρτέμιδι
885 2614 1122 2672 Βραυρωνία
1147 2610 1304 2668 ὁῖγεται,
1353 2611 1422 2653 καὶ
1447 2608 1590 2652 θύεται
