1664 3016
124 100 206 144 718
709 97 830 138 V111.
891 101 960 140 96.

240 208 377 262 α’ξιον]
419 207 526 259 ἀξιοῖ
548 209 593 248 in
618 211 815 265 vulgatae
835 210 1036 254 lectionis
1057 213 1199 251 locum
1221 209 1343 263 dedi,
1375 224 1483 267 quae
1505 209 1572 250 in-'.

127 276 247 320 epta.
278 265 458 334 praeivit
478 266 706 309 Kuelmius.

228 319 489 390 πρυτάνεσιν]
519 324 770 375 πρυτανέσιν.
826 329 905 364 San.

239 375 511 448 πρυτάνεσιν]
544 378 641 421 MS.
667 394 906 449 πρυτάνεσιν
921 381 1012 422 sine
1031 389 1222 423 accentu.
1279 387 1380 420 Iuno

239 431 266 488 ’ἦ
289 435 329 477 δὲ
350 434 382 478 ὅ
393 436 408 489 ]
441 434 486 476 C·
502 436 551 477 V
562 434 589 488 ἦ
609 436 649 478 δὲ
666 435 847 492 τετάρτη·
876 440 966 493 περι
985 440 1103 489 ἷερῶν
1117 439 1184 480 καὶ
1204 434 1342 484 ὁσίων,
1373 436 1424 475 de
1435 438 1572 476 sacris

130 502 170 532 et
191 492 402 544 profanis,
439 507 552 535 οσιον
572 493 683 532 enim
707 494 898 534 iunctum
921 509 1013 534 cum
1035 497 1130 561 ἱερῷ
1145 504 1308 565 spectat
1328 492 1380 533 ad
1401 493 1572 547 publica

130 548 246 588 urbis
269 548 455 603 negotia,
485 563 636 603 resque
657 548 874 601 humanas,
907 565 1012 605 quae
1027 552 1151 592 etiam
1172 549 1215 593 τό
1236 554 1307 605 τῆς
1320 547 1445 601 ὁσίας,
1476 565 1572 588 ean-

130 609 320 644 ctitatem
341 604 547 659 quandam
570 621 592 644 a
615 606 779 660 legibus
804 585 974 649 habent.
997 606 1084 649 vid.
1111 609 1280 660 Ulpian.
1295 607 1341 647 in
1360 606 1573 647 Demosth.

130 662 246 704 Orat.
268 672 415 702 contra
433 663 633 704 Midiam.
692 670 835 703 Kumm.

244 716 270 772 ἡ
288 719 328 761 δὲ
348 716 408 772 δ’]
436 715 462 772 ’ἦ
481 719 519 761 δὲ
537 718 699 775 τετάρτη
717 720 806 761 MS.
829 730 877 760 ut
900 719 1008 763 dixi.
1039 721 1108 761 Ex
1131 721 1296 760 Solonis
1317 722 1572 774 autemlege‚

130 776 206 816 ubi
229 775 280 815 de
313 775 448 815 tribus
475 777 753 816 concionibus
782 777 967 825 mentio,
1006 791 1118 817 sacra
1150 777 1194 815 in
1219 777 1343 817 tertia
1365 777 1574 816 concione

130 842 308 872 tractata
329 842 455 881 sunt,
487 843 535 871 ut
557 832 731 874 adnotat
755 849 808 874 ex
843 837 1109 873 Timocraten
1133 834 1350 873 Demosth.
1377 834 1576 887 Sigonius

129 889 207 930 lib.
227 906 280 930 11.
309 887 360 928 de
382 890 487 941 Rep.
516 891 667 929 Atlzen.
698 904 787 944 cap.
807 889 849 932 4.
875 891 962 933 vid.
1002 901 1044 931 et
1071 890 1360 931 Casaubonum
1383 899 1575 929 nostrum

131 945 182 986 ad
209 946 408 996 ΊΙιεορῘιν.
429 945 623 989 charact.
646 949 735 1000 περὶ
763 945 918 1001 ἀηδίας,
950 962 1035 987 non
1062 950 1190 1002 longe
1211 961 1233 986 a
1259 946 1355 987 fine.
1412 951 1518 985 que.

243 1000 264 1045 ὁ
282 1002 323 1044 δὲ
343 999 570 1056 ἐπιστάτης]
604 1003 652 1045 C.
671 1003 723 1044 A.
756 1003 960 1058 ἐπιστάτης
980 1005 1021 1046 δὲ
1040 1005 1141 1046 ἔστιν
1166 1001 1235 1052 εἷς.
1280 1002 1482 1056 Duplici·
1506 1016 1575 1058 ge-

129 1059 243 1100 neris
273 1061 500 1110 Epistatas
534 1059 691 1099 Suidas
724 1059 874 1111 habet,
907 1075 1083 1114 quorum
1105 1063 1208 1100 alter
1232 1074 1283 1100 ex
1304 1058 1574 1111 Prytanibuc,

131 1119 237 1156 alter
264 1130 315 1155 ex
338 1114 534 1154 Proe'dris
562 1126 663 1156 erat.
706 1118 820 1157 conf.
844 1118 1025 1156 Aristot.
1045 1118 1118 1160 lib.
1139 1132 1199 1159 v1.
1211 1116 1340 1157 Polit.
1359 1130 1449 1170 cap.
1470 1114 1512 1158 8.
1533 1125 1576 1156 et

129 1172 378 1212 Petitamin
399 1172 452 1212 L.
473 1173 526 1214 L.
550 1173 712 1212 Atticas
733 1188 773 1227 p.
799 1186 891 1229 ¹9⁰·
946 1180 1090 1213 Kumm.

242 1246 263 1271 ο
286 1229 327 1271 δὲ
336 1225 544 1282 ἐπιστάτης
566 1230 662 1283 etc.]
687 1229 949 1283 Hesychius'
937 1240 1048 1270 mter
1063 1229 1182 1269 alia’'
1155 1247 1326 1284 αρχοντα
1343 1246 1433 1271 τινα
1447 1226 1577 1281 ’Λθή-

129 1299 222 1342 νῃσι
241 1286 444 1338 exponit:
476 1287 737 1326 enucleatius
750 1300 864 1337 vero,
899 1287 972 1340 qui
1002 1287 1060 1326 sit
1085 1286 1307 1340 ἐπιστάτης,
1341 1285 1463 1326 docet
1476 1287 1577 1337 Ety-

130 1345 317 1395 mologus
346 1343 390 1380 in
425 1357 560 1393 voce,
600 1342 674 1395 qui
707 1354 920 1396 praeterea
950 1343 1016 1382 illi
1046 1343 1307 1384 commissam
1329 1341 1484 1382 adserit
1504 1339 1578 1398 τὴν

130 1401 458 1469 ὃημοσφραγῖδα,
490 1399 742 1452 reipublicae
757 1401 958 1448 sigillum.

243 1454 500 1525 πρυτάνεων]
527 1457 757 1505 πρυτανέων
780 1455 869 1498 MS.
929 1462 1013 1496 Sssn.

242 1512 523 1567 πρυτάνεων]
535 1514 630 1554 MS.
652 1524 794 1553 noster
811 1523 853 1553 et
875 1513 1010 1552 Seberi
1037 1512 1270 1568 πρυτανὲων
1297 1521 1576 1566 paroxytone.

130 1570 222 1615 vid
252 1569 302 1609 de
325 1573 508 1622 epistota
529 1569 931 1623 hocetStgon.1ib.
955 1585 1006 1611 11.
1034 1569 1085 1610 de
1112 1571 1219 1624 Rep.
1250 1570 1404 1610 Athen.
1426 1567 1501 1612 cf
1507 1578 1578 1612 ,et

131 1628 216 1668 fine
232 1627 306 1667 lib.
328 1642 388 1667 ιν.
408 1642 443 1668 c.
475 1639 512 1668 2.
569 1633 681 1670 que,

243 1685 306 1733 δὶς
325 1684 380 1737 δὲ]
411 1685 463 1723 In
487 1684 740 1733 iuramento,
773 1681 888 1751 quod³
908 1681 1177 1752 praestabant
1191 1680 1579 1733 iudicesHeliaeae,

129 1750 219 1782 erat
240 1740 350 1780 inter
371 1741 467 1791 axia,
499 1736 590 1783 οὐδὲ
601 1742 658 1789 δὶς
677 1739 818 1792 (ἐάσω)
838 1736 962 1793 αυτὴν
983 1757 1055 1790 την
1074 1735 1198 1793 άρχήν
1219 1737 1288 1780 τὸν
1304 1735 1426 1781 αὗτόν
1438 1736 1578 1790 ἄνδρα,

131 1795 224 1841 οὐδὲ
244 1795 318 1840 δύο
337 1795 459 1851 ἀρχὰς
479 1795 592 1852 αρξαι
605 1795 674 1839 τὸν
693 1793 816 1839 αὐτὸν
835 1798 876 1839 ἐν
894 1801 949 1854 τῷ
965 1794 1072 1854 αυτῷ
1087 1797 1265 1854 ἐνιαυτῷ
1295 1795 1379 1839 vid.
1408 1797 1578 1848 Ulpian

132 1855 179 1894 in
198 1856 413 1896 Demostlz.
445 1857 669 1893 Timocrat.
724 1860 872 1894 ΚυεΗΝ.

242 1904 382 1963 οὗτος]
414 1909 457 1954 C.
482 1912 533 1951 A.
553 1925 640 1949 non
669 1909 795 1950 babet
816 1909 945 1958 οὗτος.
1002 1915 1145 1949 Kumm.

245 1966 316 2016 τὰς
337 1973 442 2016 κλεῖς
459 1984 538 2009 των
559 1970 628 2019 ἷερ
641 1966 656 2020 ]
688 1965 736 2006 C.
761 1968 806 2006 A.
827 1967 865 2019 ἐχ
868 1984 901 2008 ει
922 1965 963 2007 δὲ
984 1967 1050 2008 καὶ
1069 1971 1147 2007 τῶν
1171 1967 1287 2034 ῐερῶν
1303 1962 1374 2013 τάς
1389 1969 1505 2014 κλεῖς,
1538 1965 1580 2007 ἐν

134 2022 207 2073 οἷς.
238 2026 285 2064 C.
306 2024 356 2064 V.
375 2027 482 2063 male
504 2025 607 2078 ἐρεῖς
626 2037 701 2075 plo
721 2022 763 2063 ἐν
782 2020 853 2072 οἷς.
885 2022 1065 2065 ΡΙιανον.
1087 2023 1130 2061 in
1146 2019 1356 2076 ἐπιστάτης
1365 2017 1577 2077 Ἀθηνῃσι,

134 2080 210 2134 qui
241 2081 395 2118 Suidae
424 2082 518 2119 loca
548 2079 786 2133 descripsit.
824 2078 911 2119 vid.
943 2089 985 2119 et
1014 2089 1305 2134 argumentum
1340 2078 1544 2119 alterum
1532 2093 1578 2117 m

133 2137 350 2177 Demos-th.
374 2135 493 2177 Orat.
515 2146 660 2175 contra
679 2136 855 2174 Androt.
913 2142 1062 2174 Kumm.

246 2191 318 2243 τὰς
332 2197 435 2242 κλεῖς
459 2202 537 2232 etc.
553 2192 568 2245 ]
607 2191 739 2246 Apud
764 2191 1092 2249 Etymologum'
1080 2206 1124 2230 m
1152 2205 1258 2232 voce
1282 2190 1577 2260 designatius:

135 2248 332 2305 φυλάσσει
354 2250 396 2292 δὲ
413 2254 483 2291 τοῦ
500 2251 610 2300 ἱεροῦ
631 2247 703 2298 τὰς
722 2254 829 2298 κλεῖς
849 2250 890 2291 ἐν
912 2249 942 2306 ᾧ
963 2247 1010 2290 τά
1032 2245 1204 2302 δημόσια
1221 2265 1418 2302 mmmm&
1455 2257 1497 2286 et
1517 2247 1578 2286 ita
1604 2250 1607 2252 ’

135 2317 247 2348 certe
279 2306 392 2361 apud
421 2306 618 2346 Nostram
648 2319 817 2359 quoque
852 2293 1070 2345 emendate
1098 2306 1231 2359 magis
1259 2308 1499 2358 legeretur·
1531 2305 1576 2342 in

136 2362 441 2418 opisthodomo
463 2371 599 2402 autem
619 2362 850 2414 repositum
875 2363 1007 2401 fuisse
1022 2361 1220 2415 publicae
1238 2375 1301 2401 rei
1288 2360 1576 2401 Thesaurum

137 2435 190 2460 ex
227 2418 483 2486 Oratoribus
516 2427 558 2457 et
591 2417 932 2469 Harpocratione
962 2417 1129 2458 abunde
1157 2426 1305 2458 notum
1330 2426 1416 2467 est3
1447 2416 1579 2457 huius

134 2477 280 2545 itaque
301 2478 438 2515 claves
463 2472 483 2518 ὁ
505 2471 710 2528 ἐπιστάτης
728 2474 982 2517 adservabat.

247 2530 365 2585 όταν]
395 2530 532 2573 MS.
509 2530 568 2574 or'
589 2529 652 2574 dv.
709 2537 814 2571 que.

244 2588 483 2646 πρυτάνεις]
515 2587 562 2630 C
591 2588 640 2632 V.
660 2593 885 2643 πρυτανεῖς.
943 2594 1089 2629 Kumm.
