1664 3016
653 138 753 180 VH.
815 143 908 184 188.
1424 142 1514 186 513>

53 252 149 302 bus,
178 250 232 294 ad
254 264 364 308 qnae
381 252 527 293 forsan
547 255 682 307 plura.
739 252 867 306 [Post
886 250 1334 308 quaedamtobservata
1365 252 1417 296 de
1446 254 1509 311 ἕρ-

50 308 260 367 γολᾶβοις,
293 323 419 365 quem
442 308 639 350 videatur
660 309 927 350 intellectum
942 309 1096 350 habere
1126 309 1322 366 σοφιστὴς
1343 312 1509 368 ἐργολα-

51 371 139 423 βῶν
158 365 272 422 apud
291 366 555 418 Aeschinem,
587 365 794 420 explicui.
836 380 1087 422 quamquam
1108 381 1211 408 vero
1231 381 1297 408 me
1314 368 1508 409 nondum

51 424 176 464 istius
199 422 485 478 expositionis
507 422 731 464 incesserit
754 422 1009 477 poenitudo,
1041 437 1128 462 non
1150 433 1288 466 tamen
1320 425 1413 465 eius
1444 425 1507 466 ita

51 495 144 521 sum
163 490 306 529 tenax,
324 487 374 519 ut
393 479 516 520 aliter
532 479 766 520 sentientes
783 493 928 519 omnes
948 478 1163 527 reiiciamg
1186 481 1291 536 quin
1309 495 1413 522 vero
1432 485 1506 522 lu-

50 536 158 578 bens
194 550 381 592 agnosco
408 534 644 590 sophistam
672 535 858 588 simplici
885 550 1013 576 sensu
1041 536 1228 592 intelligi
1257 551 1384 591 posse
1414 553 1504 579 non

50 593 292 635 invenuste.
330 607 424 632 cum
444 602 584 633 autem
604 592 831 632 Aeschines·
862 592 956 632 istis
977 590 1177 632 abutatur
1199 594 1340 634 verbis
1356 593 1410 634 ad
1428 593 1508 636 de-

50 649 245 691 terendos
259 659 303 692 et
320 648 601 693 maculandus>
619 649 771 688 summi
791 649 984 691 Oratoris
1006 648 1167 697 laudes,
1198 650 1274 690 alii
1290 659 1437 691 contra
1456 666 1506 692 ea

50 705 269 748 commode
286 715 330 748 et
350 708 448 746 loco
470 705 577 746 haec
599 705 650 745 ab
674 706 753 744 illo
775 708 938 760 prolata
970 718 1060 746 esse
1096 703 1373 756 affirmarunt,
1404 709 1508 763 qui-

47 763 128 803 bus
140 766 247 804 salse
261 761 507 803 retunderet
518 772 683 817 turpem
703 771 935 807 ceterorum
946 764 1182 817 legatorum
1201 761 1505 816 adulationem,

48 819 125 876 qui
157 818 385 860 blanditias
414 818 620 872 Philippo
659 818 888 861 faciebant.
937 817 1037 860 vid.
1066 817 1286 861 Plutarch.
1310 820 1358 860 in
1401 822 1506 861 Vita

47 877 359 924 Demosthenis.
396 875 638 914 Glossarum
661 875 953 922 Nomiearum,
980 883 1029 913 ut
1056 873 1161 929 quid
1192 889 1281 916 non
1310 876 1505 918 ieiunum

48 932 401 984 adferam‚locum
417 930 666 986 producere,
680 939 722 970 et
732 931 882 985 paucis
893 933 1122 985 explanare
1132 931 1299 972 animus
1310 943 1388 973 est.
1414 930 1507 989 Ἐρ-

48 989 223 1046 γολᾶβος
242 990 347 1032 ἐστὶν
378 985 399 1031 ὅ
421 986 602 1042 χρήματα
629 986 809 1038 δεδωκώς
835 988 900 1031 ἐπὶ
930 990 988 1045 τῷ
1020 987 1304 1043 ἕκχωρηθῆναι
1327 985 1505 1046 ἀγωγήν.

49 1061 244 1101 quorum,
283 1059 349 1086 me
375 1044 540 1094 iudice,
581 1043 686 1086 haec
713 1054 777 1086 est
803 1043 1040 1085 sententia:
1077 1044 1240 1085 dicitur
1270 1046 1505 1102 ἐργολάβος,

48 1106 123 1157 qui
141 1110 362 1142 numerata
375 1103 560 1155 pecunia
586 1102 790 1141 iudicium
814 1103 998 1153 corrupit
1005 1130 1020 1151 ,
1050 1110 1097 1140 ut
1115 1101 1355 1155 differretur
1374 1108 1504 1148 actio.

49 1168 216 1200 constat
233 1158 347 1200 enim
364 1157 488 1205 istius
497 1157 665 1214 generis
687 1156 884 1198 homines
905 1157 1116 1209 extitisse,
1151 1159 1226 1213 qui
1253 1174 1328 1214 spe
1354 1162 1504 1203 lucelli

48 1214 223 1256 adducti
245 1215 326 1256 reis
346 1229 493 1269 operas
512 1228 608 1254 suas
629 1216 912 1264 collocarent,
943 1223 987 1254 et
1014 1213 1067 1253 ab
1098 1214 1154 1254 iis
1174 1226 1347 1269 accepta
1375 1232 1503 1271 pecu·

47 1273 119 1312 nia
142 1269 376 1312 contrariae
390 1271 524 1325 partis
545 1269 777 1311 advocatos
796 1279 1138 1324 corrumperent,
1175 1281 1310 1328 utque
1338 1273 1502 1314 iudicia

47 1328 313 1371 traherentur
333 1325 562 1368 efficerent.
601 1341 691 1367 eam
714 1326 768 1368 ob
792 1341 958 1367 causam
980 1328 1253 1381 Etymologus
1281 1329 1504 1386 ἐργολάβον

48 1383 366 1439 interpretatur,
394 1380 466 1426 τὸν
487 1380 681 1438 φλαῦροις
701 1383 904 1439 πράγμασι
926 1382 1145 1438 χρώμενον,
1174 1399 1349 1440 eamque
1368 1387 1504 1443 signi..

46 1441 288 1483 ficationem
308 1439 422 1495 apud
441 1440 652 1482 Rhetores
672 1443 812 1481 valere
832 1440 974 1482 tradit.
1012 1439 1086 1480 sed
1105 1440 1211 1480 alibi
1232 1443 1313 1482 erit
1335 1458 1504 1497 oppor-

46 1498 194 1539 tunior
212 1497 265 1540 de
284 1498 353 1538 his
372 1496 694 1539 dicendilocus.
744 1497 850 1537 alias
876 1507 1016 1537 autem
1046 1496 1092 1536 in
1114 1497 1211 1538 Iure
1243 1498 1407 1540 Graeco
1438 1515 1503 1540 re-

44 1557 291 1609 demptorem
304 1554 432 1596 etiam
452 1554 554 1593 satis
572 1553 820 1609 frequenter
841 1553 1037 1608 designat
1057 1552 1297 1609 ἐργολάβος·
1329 1556 1390 1596 ita
1410 1562 1504 1600 Βα-

44 1617 226 1709 ‘uzone
246 1626 322 1654 nx.
361 1611 431 1653 tit.
463 1624 504 1667 9.
543 1606 782 1667 ἀρχιτέκτων
815 1620 859 1652 et
887 1608 1101 1667 ἐργόλαβος
1127 1611 1377 1666 iunguntur.
1433 1614 1504 1654 Ex

42 1671 88 1709 A
144 1684 192 1709 en
224 1671 273 1711 ie.
1261 1695 1264 1699 -

155 1670 345 1781 &²⁰01ss
371 1723 611 1767 Adnotavit
628 1723 675 1766 id
696 1733 740 1765 et
754 1724 912 1764 Suedas
929 1724 976 1764 in
993 1720 1223 1782 ἐργολάβος.
1245 1723 1335 1768 vid.
1364 1734 1407 1767 et
1435 1725 1501 1766 in.

44 1782 110 1822 fra
130 1797 240 1834 vm,
273 1781 341 1825 52.
370 1789 474 1824 Itme.
1010 1815 1014 1818 «

728 1843 822 1885 183.

155 1895 248 1950 περὶ
265 1894 599 1951 ἒργοεπιστατῶν]
630 1895 682 1939 C.
698 1895 748 1940 A.
768 1896 1008 1950 ἐπιστημῶν.
1037 1902 1183 1938 Kar-:mn

158 1950 470 2008 ἕργεπιστάτας]
497 1953 549 1992 In
569 1955 763 1994 lemmate
781 1952 909 1993 modo
926 1954 1018 2008 περὶ
1036 1954 1355 2009 ἔργοεπιστατῶν.
1414 1951 1502 1995 Sed

44 2006 322 2066 ἕργεπιστᾶτας
349 2007 447 2049 ideo
476 2009 551 2050 vix
581 2017 764 2063 mutem,
802 2009 982 2065 perinde
1013 2010 1152 2052 dictos
1187 2020 1236 2051 ut
1260 2011 1503 2067 ἐργεπεῖκται

45 2066 160 2122 apud
179 2066 381 2107 Eustaeh.
402 2065 449 2104 in
464 2062 540 2107 Ἰλ.
560 2082 592 2109 ε.
623 2070 733 2106 Imm.
1394 2104 1396 2106 .

156 2121 382 2177 κόλλεψος]
422 2123 634 2177 κολλέψης,
674 2124 748 2176 quc·
774 2123 988 2177 glutinum
1013 2124 1171 2177 cothit.
1212 2121 1273 2166 H.
1310 2124 1452 2177 steph.
1480 2138 1502 2163 e

42 2180 157 2221 Bud.
187 2186 268 2220 San.

155 2234 372 2291 κόλλεψος]
402 2237 532 2276 Forte
561 2232 758 2289 κολλεψός
776 2244 980 2289 oxytone.
1017 2245 1067 2276 ut
1097 2234 1296 2291 μυρεψός.
1355 2236 1423 2276 An
1454 2237 1500 2275 in

44 2294 144 2340 MS.
164 2303 310 2335 nostro
334 2295 533 2346 κολλέψης
557 2291 708 2342 fuerit‚·
734 2301 783 2331 ut
800 2306 852 2332 ex
870 2292 1039 2333 Budaeo
1066 2292 1297 2345 adferunt,
1338 2292 1499 2342 nescio,

45 2365 173 2407 quum
195 2350 301 2391 haec
321 2350 384 2390 ibi
407 2364 494 2391 non
516 2347 758 2403 adpareant,
787 2358 836 2388 ut
855 2348 960 2392 dixi,
991 2357 1096 2392 que.

156 2405 427 2461 κολλοπώλης]
461 2406 510 2447 C.
529 2406 579 2448 A.
596 2403 854 2458 κολλεπώλης,
885 2410 1011 2447 male.
1042 2412 1187 2446 Kumm.

158 2465 332 2522 κολλᾷν,]
363 2465 467 2504 Post
496 2467 643 2519 κολλᾷν
678 2461 816 2502 deleto
847 2472 1076 2514 commate,
1115 2470 1322 2516 punctum
1352 2459 1499 2514 potius

45 2521 194 2562 scribe.
253 2520 323 2560 Sic
342 2530 384 2561 et
404 2535 505 2560 mox
524 2528 622 2574 post
642 2520 835 2572 κρηπίδες
858 2519 998 2561 velim.
1028 2525 1131 2558 que.

156 2575 342 2634 κολλᾷν,]
370 2577 486 2618 Huic
508 2576 606 2616 voci
629 2575 802 2614 maioris
827 2573 1124 2616 distinctionis
1153 2582 1297 2613 notam
1318 2570 1496 2622 subieci,

158 2630 213 2684 ὥς
237 2635 486 2688 Δείναρχος.]
517 2633 648 2674 Abest
667 2646 689 2672 a
719 2630 767 2672 C.
789 2630 840 2673 A.
870 2638 1016 2674 Kunux.

87 2714 215 2748 Pollux
243 2712 321 2747 l‘ol.
350 2713 398 2749 V.
1141 2696 1225 2736 KR
