1664 3016
158 119 242 177 '652
742 114 862 173 vm.
923 134 991 178 54.

165 244 303 288 δὲ’θῒο.
334 242 407 281 ubi
438 243 738 284 emendandum
770 256 874 300 puto
907 243 1235 301 οἷπαλειφθὲντων
1263 247 1304 291 δὲ
1319 247 1414 302 πρὶν
1446 256 1525 288 etc·
1555 237 1602 287 ἶᾶ

162 299 277 356 'quod
300 302 586 351 Ilarpoeragio
608 301 718 340 dixit
739 304 1059 357 ἐξαλειφθὲντων.
1117 312 1217 345 IUNG·

274 353 477 410 ἀγραφίου
506 357 574 411 δὲ]
607 355 779 410 ὀφείλειν
805 364 852 418 τῇ
878 358 990 404 πόλει
1017 376 1089 401 seu
1116 365 1170 418 τῷ
1200 363 1377 418 δημοσίῳ
1403 359 1605 400 dicuntur

165 422 236 452 aut
264 411 337 466 q'ui
369 413 529 452 suntin
553 429 645 453 aere
675 414 955 469 reipublicae,
987 427 1060 456 aut
1086 419 1159 474 qui
1189 433 1252 458 res
1281 417 1471 472 publicas
1502 417 1603 457 usui

163 483 240 507 suo
263 471 458 523 accepere
481 469 783 511 commodatas:
822 482 864 512 et
892 471 1041 513 horum
1068 473 1236 527 quidem
1267 475 1437 514 nomina
1459 474 1502 512 in
1526 487 1604 512 co-

164 524 345 565 lumndm
373 539 446 563 seu
472 523 615 579 στήλην
636 527 781 566 referri
809 542 896 568 mos
919 539 1029 571 erat.-
1060 530 1170 584 apud
1195 531 1462 569 Atheniense-⁹
1490 529 1603 570 enim

166 580 380 631 obtinuit,
410 591 458 620 ut
490 581 603 621 haud
634 597 728 623 raro
755 594 844 623 acta
873 586 1040 638 publica
1067 584 1112 624 'in
1134 589 1350 625 columnas
1374 584 1605 625 scriberen-
1628 627 1633 632 „

166 646 256 685 tur,
290 647 491 692 erantque
511 637 590 679 hae
610 642 828 681 columnae
851 644 917 681 vel
935 657 1076 682 aereae
1098 645 1167 682 vel
1186 641 1390 696 lapideae,
1425 642 1605 682 docente

164 695 317 733 Nonae
355 693 405 732 ad
445 695 618 751 primam
661 697 961 737 steliteutic'arn
1004 698 1046 736 in
1086 700 1299 740 Iulianum
1339 700 1608 738 Nazianzeni

169 751 364 801 Gregorii
387 750 647 791 Orationem.
683 752 754 792 sed
781 757 886 807 quae
908 753 1017 806 dixi,
1049 755 1340 795 Demosthenis
1356 755 1607 795 auctoritate

167 805 376 846 adseram:
414 807 448 846 is
479 807 537 846 ita
561 808 605 845 in
626 809 837 862 Euerg-um
860 811 1026 880 inquit:
1057 812 1347 866 γεγραμμένους
1374 805 1609 860 οὖιῖαὖτούς

167 860 417 917 Γἀμφοτέρους
439 864 481 905 ἐν
503 863 621 918 στήλῃ
640 861 870 917 ὄφείλοντας
885 885 930 908 τα
956 865 1077 921 σκεύη
1101 873 1148 926 τῇ
1163 866 1276 909 πόλει
1301 866 1328 922 ἡ
1349 865 1447 938 οἷρχῂ
1469 885 1608 920 παρα-

167 922 343 974 λαβοῦσα
370 917 478 974 ivano}
509 926 581 974 τῆς
609 923 803 976 προτέρας
835 919 953 977 αρχῆς
990 921 1084 977 ἡμῖν
1114 926 1317 978 παρέδωκε
1345 941 1442 966 κατα
1469 941 1510 966 τε
1538 923 1608 966 τὸν

167 975 295 1029 νόμον
312 978 378 1020 καὶ
395 978 442 1019 τά
473 981 711 1031 ψηφίσματα
739 990 817 1021 etc.
859 980 1086 1034 eademque
1115 980 1164 1021 de
1187 995 1308 1020 causa
1332 981 1454 1020 antea
1481 979 1609 1022 dixe-

166 1031 251 1072 rat:
293 1030 482 1082 ἀπίστους
515 1035 556 1076 δὲ
583 1033 651 1083 τὰς
688 1032 810 1089 ἆρχοὶς
834 1038 1064 1089 κατέστησεν
1099 1034 1193 1091 ὑμῖν
1218 1039 1283 1080 καὶ
1319 1035 1366 1079 τὰ
1401 1035 1608 1092 γράμματα

166 1086 214 1131 τὰ
234 1091 276 1132 ἔν
296 1096 378 1139 ταῖς
398 1090 574 1139 στήλαις·
606 1095 808 1147 pluraque
825 1092 868 1130 in
890 1095 962 1132 ina
986 1093 1191 1134 Oratione
1215 1095 1411 1148 reperies,
1442 1108 1494 1133 ex
1516 1093 1609 1147 qui-

167 1144 244 1185 bus
266 1145 424 1186 discere
442 1147 614 1198 licebit,
648 1162 731 1201 quo
752 1147 878 1188 modo
904 1149 946 1187 in
978 1163 1070 1188 eum
1101 1150 1232 1190 fuerit
1252 1160 1416 1199 actum,
1447 1149 1520 1206 qui
1541 1164 1605 1191 res

168 1201 425 1255 reipublicae
466 1204 747 1244 commodatas
787 1219 873 1244 non
914 1206 1176 1247 restituebat.
1235 1207 1293 1245 At
1321 1220 1421 1247 vero
1450 1221 1609 1258 eorum,

171 1259 245 1311 qui
275 1258 319 1296 in
354 1273 447 1299 aere
487 1269 606 1298 erant
634 1259 915 1313 reipublicae,
956 1261 1127 1301 nomina
1162 1262 1206 1301 in
1241 1262 1403 1302 tabulas
1429 1263 1609 1316 expensi

169 1313 362 1368 publicas
380 1314 525 1355 referri
548 1316 765 1368 solebant,-
794 1318 970 1371 eiusque
992 1319 1050 1357 rei
1075 1333 1213 1357 curam
1233 1318 1442 1358 habebant
1461 1322 1610 1372 ταμίαι,

168 1385 242 1410 seu
272 1374 430 1410 aerarii
457 1372 619 1424 publici
646 1372 953 1425 procuratores.
1003 1374 1101 1414 illae
1135 1389 1235 1415 vero
1254 1375 1419 1416 tabulae
1439 1374 1546 1428 παρὰ
1565 1381 1614 1434 τῇ

168 1432 277 1484 θεῷ,
309 1427 452 1482 inquit
477 1430 763 1480 Harpocratio
807 1430 852 1468 in
883 1430 1187 1486 ψευδεγγραφὴ,
1234 1440 1352 1472 erant
1379 1430 1610 1486 depositae,

171 1483 213 1522 in
235 1482 494 1542 ὀπισθοδόμῳ
518 1483 628 1524 haud
654 1484 803 1537 dubie,
837 1485 881 1525 in
907 1501 990 1541 quo
1018 1489 1124 1526 arcis
1150 1490 1247 1530 loco
1275 1487 1476 1528 aerarium
1495 1489 1610 1541 pub-

168 1540 297 1579 licum
333 1540 639 1582 adservabatur.
690 1556 784 1581 cum
811 1542 953 1599 itaque
981 1545 1074 1597 quis
1104 1543 1246 1584 debito
1269 1558 1313 1585 se
1333 1543 1507 1598 publico
1534 1559 1610 1584 ex-

170 1599 371 1648 solverat,
411 1600 566 1638 ‘nomen
597 1598 687 1638 eius
713 1597 764 1637 ab
800 1603 955 1653 ταμίαις
984 1600 1070 1639 illis
1099 1600 1255 1640 tabulis
1280 1599 1609 1656 expungendum

171 1662 281 1705 erat,
319 1653 431 1708 quod
461 1657 737 1707 ἐξαλείφεσθαι
766 1653 1009 1706 dicebatur,
1040 1656 1247 1712 siquidem
1270 1671 1361 1696 cera
1392 1656 1471 1697 hae
1493 1657 1613 1696 tabu-

169 1710 235 1748 lae
276 1710 438 1749 fuerint
465 1711 686 1752 obductae.
754 1711 805 1750 In
844 1727 938 1752 eum
972 1713 1128 1767 igitur,
1170 1713 1314 1761 cuius,
1350 1727 1434 1752 non
1470 1716 1612 1754 soluto

170 1764 430 1819 reipublicae
456 1766 620 1818 debito,
653 1782 804 1808 nomen
830 1779 920 1807 erat
952 1779 1231 1822 expunctum,
1263 1767 1466 1825 ἀγραφίου
1490 1769 1615 1808 daba-

171 1830 241 1860 tur
263 1825 373 1876 ῦίκη,
407 1837 480 1864 seu
512 1825 818 1879 rzominisjalso
842 1825 985 1864 dolove
1006 1827 1114 1864 malo
1135 1821 1332 1878 expuizcti
1357 1829 1484 1865 actio.
1522 1826 1612 1880 ipsa

170 1878 276 1933 legis
305 1879 453 1931 verba,
493 1894 574 1934 qua
596 1880 640 1918 id
663 1891 725 1921 est
747 1881 977 1930 sancitum,
1012 1881 1106 1921 heic
1127 1896 1302 1936 ponam:
1338 1879 1442 1925 Ἐὰν
1462 1883 1518 1932 τὶς
1536 1887 1615 1925 τῶν

171 1930 415 1985 ὀφειλόντων
432 1941 490 1990 τῷ
505 1938 683 1993 δημοσίῳ
702 1935 754 1991 μὴ
775 1938 925 1986 ἐκτίσας
943 1937 986 1980 τὸ
1006 1938 1167 1992 ὄφλημα
1182 1943 1233 1995 τῇ
1248 1937 1360 1982 πόλει
1378 1940 1612 1996 ἐξαλειφθῇ.

171 1988 269 2033 εἶναι
295 1990 384 2033 κατ’
419 1991 547 2034 αὐτοῦ
573 1990 642 2041 τὰς
668 1991 827 2046 γραφάς
854 1993 956 2048 πρὸς
982 1994 1075 2044 τούς
1107 1997 1356 2047 Θεσμοθέτας
1385 1997 1458 2038 τοῦ
1495 1994 1616 2053 ἄγρα-

172 2049 291 2097 φίου·
342 2059 440 2089 sunt
476 2064 521 2088 ea
562 2063 615 2088 ex
645 2051 910 2090 Demosthene
946 2050 1143 2092 adversus
1179 2053 1440 2092 Theocrinem
1466 2053 1613 2105 petita.

167 2101 389 2158 Ἀγραφίου
414 2115 626 2161 praeterea
645 2107 759 2159 δίκην
781 2117 822 2147 et
842 2107 884 2145 in
908 2122 999 2147 eum
1021 2109 1227 2159 valuisse,
1260 2109 1331 2164 qui
1349 2139 1360 2157 ‚
1393 2123 1487 2148 cum
1508 2118 1616 2148 esset

173 2161 374 2213 aerarius,
407 2162 450 2200 in
478 2161 640 2201 tabulas
673 2172 808 2202 tamen
832 2163 1023 2217 publicas
1052 2179 1135 2204 non
1168 2175 1255 2204 erat
1283 2169 1457 2215 relatus,
1488 2166 1616 2217 Hesy-

173 2217 296 2256 chius
322 2217 502 2260 adserit:
529 2216 773 2272 Ἀγραφίου,
804 2220 972 2274 inquit,
1010 2223 1100 2274 δίκη
1127 2222 1189 2263 ἐπὶ
1211 2226 1289 2264 τῶν
1309 2223 1617 2271 καταδικασθέν-

171 2291 250 2315 των
274 2272 483 2329 χρημᾶτων
511 2280 566 2332 τῷ
592 2278 768 2332 δημοσίῳ
804 2278 871 2319 καὶ
895 2275 995 2319 κατὰ
1017 2279 1131 2331 χάριν
1159 2276 1211 2331 μὴ
1243 2279 1516 2333 ἐγγραφέντων
1542 2278 1617 2320 ἐλέ-

172 2344 281 2385 γετο*
325 2331 396 2371 sed
429 2331 533 2371 haec
553 2331 823 2383 Hesyohiana
849 2334 1027 2374 eruditis
1058 2335 1161 2373 viris
1196 2337 1358 2387 placere
1385 2339 1618 2389 nequeunt,

173 2398 322 2439 utpote
345 2388 418 2438 qui
450 2397 599 2441 putent
627 2386 830 2443 ἀγραφίου
862 2393 978 2443 δίκην
997 2401 1159 2429 tantum
1181 2391 1418 2430 institutam
1442 2392 1485 2429 in
1508 2405 1616 2441 eum,

173 2445 316 2493 cuius,
348 2443 492 2483 debito
524 2459 601 2484 nec
630 2445 725 2483 dum
760 2450 924 2495 soluto,
955 2461 1107 2488 nomen
1138 2457 1226 2486 erat
1248 2457 1538 2500 expunctumz
1570 2461 1617 2486 ac

175 2500 465 2540 Demosllcenis
497 2500 663 2554 quidem
698 2502 739 2539 in
782 2502 848 2541 illa
869 2504 980 2556 ipsa,
1013 2517 1133 2557 quam
1161 2503 1274 2551 dixi,
1307 2503 1513 2543 Oratione
1547 2517 1616 2553 pa·

173 2557 356 2595 trocinio
387 2568 584 2608 utuntur,-
611 2557 765 2596 adserit
787 2561 895 2598 enim
912 2590 921 2607 ‚
956 2558 1014 2601 fin
1037 2557 1059 2602 ὅ
1076 2557 1198 2613 νόμος
1223 2559 1269 2602 οὐ
1289 2558 1386 2603 κατα
1405 2565 1481 2601 τῶν
1507 2557 1619 2612 ὄφει·

173 2611 322 2656 λόυτων
358 2615 426 2658 καὶ
466 2612 519 2668 μή
556 2615 827 2670 ἐγγραφέντων
859 2617 1002 2661 κελεύει
1032 2615 1102 2666 τὸς
1130 2615 1288 2674 γραφὰς
1320 2622 1388 2660 τοῦ
1419 2612 1618 2672 ἀγραφίου
