1664 3016
133 133 216 175 766
717 127 838 171 vm.
882 133 994 174 -1122

133 258 224 283 ram
253 245 526 293 susciperent,
571 244 750 293 optimus
779 244 950 310 quisque
979 243 1138 284 delecti.
1210 240 1333 296 Quae
1355 251 1503 282 tamen
1533 253 1593 281 ex

133 301 312 340 historia
336 298 416 336 tibi
443 312 529 337 non
545 297 733 341 deduco:
765 299 868 337 satis
889 286 997 338 mihi
1020 300 1244 340 festinanti
1258 300 1462 340 Pollucis
1468 298 1592 339 verba

133 372 186 397 ex
209 356 300 396 MS.
333 355 672 396 reconcinnasse.
712 353 859 398 IUNcr.

223 432 346 489 μετά
364 438 444 476 ταῖν
466 444 546 473 etc.
559 434 574 487 ]
622 434 813 474 Restitui
845 433 1021 474 ducibus
1043 433 1170 477 MSS.
1202 445 1244 476 et
1266 433 1491 474 ΚυεῘιηίό
1478 431 1590 486 thvg',

132 507 179 532 ac
208 506 307 531 mox
339 490 597 544 ἐπιμελητάς·
637 489 878 544 ἐπιμελητάς
910 491 1040 532 habet
1066 494 1245 548 quoque'
1273 492 1593 545 Falckenburg'i'i

131 548 296 591 Codex.
357 549 529 588 Titulus
552 561 673 602 quem
696 563 748 589 ex
770 550 1075 601 langermanni
1104 549 1195 591 MS.
1229 547 1328 588 dedi
1360 552 1409 592 Οἱ
1432 551 1589 599 Εἴκοσι,

129 605 304 645 inficete
346 605 542 659 profecto
587 614 684 645 ante
715 619 793 644 nos
838 605 1043 644 continua
1085 606 1192 646 serie
1222 605 1306 672 ipsi
1334 603 1471 646 textui
1503 615 1590 646 erat

129 662 329 712 insertus,
345 660 461 717 quod
485 661 587 701 huic
605 664 702 701 loco
723 661 917 702 tenebras
938 661 1117 702 offudit:
1150 663 1438 721 caespitarunt
1457 660 1591 718 i'git'ur

131 719 205 774 qui
241 717 346 758 baec
380 716 432 758 ad
460 732 817 773 gynaecocosmos
849 720 1043 758 retulere.
1102 710 1440 770 Distinctidnem
1467 733 1590 772 prae-

128 786 240 815 terea
273 774 323 814 ad
361 785 542 815 mentem
584 774 974 814 commentatorum
1002 775 1188 825 mutavi,
1230 789 1369 830 neque
1387 767 1444 815 de
1473 772 1590 815 illius

129 833 308 872 veritate
331 831 553 887 quisquam
584 831 777 871 dubitet:
813 840 917 872 erat
931 834 1063 886 vulgo
1098 850 1142 887 μ.
1172 851 1207 876 τ.
1239 849 1274 874 z·
1305 849 1340 874 τ.
1375 835 1589 884 πόλιτείαςρ

127 889 197 932 καὶ
224 899 304 929 etc.

238 966 289 1018 ἦν
307 968 471 1022 μέντοι]
517 967 736 1023 Deinceps
767 969 892 1009 novis
917 967 1170 1023 quibusdam
1189 968 1330 1009 titulis
1354 983 1462 1024 opus
1483 978 1587 1014 erat.

126 1026 220 1067 MS.
251 1025 301 1065 ab
332 1025 514 1064 articulo
549 1025 616 1067 55.
655 1039 783 1080 segm.
833 1025 924 1068 104.
968 1039 1102 1082 usque
1138 1025 1195 1070 ad,
1218 1040 1310 1082 seq.
1350 1035 1590 1082 caput-10⁸

125 1096 300 1136 prorsus
324 1091 447 1129 tacet.
506 1082 606 1123 San.
1286 1114 1290 1120 .
1331 1109 1333 1114 x
1508 1117 1509 1120 ,
1582 1118 1586 1122 .

239 1159 404 1211 δούλους
423 1161 508 1215 εἰς]
539 1159 876 1231 xpryvoqndzauaq„
866 1160 1004 1202 dictos
1028 1161 1120 1201 scil.
1153 1161 1201 1204 C.
1234 1162 1285 1204 V.
1322 1162 1446 1203 aliam
1468 1162 1588 1202 affert

123 1219 369 1268 lectionem,
399 1232 549 1271 nempe
569 1217 769 1269 δηλούσης
787 1218 831 1261 td
851 1217 967 1276 ἔργον
991 1217 1116 1269 αὐτῆς
1136 1220 1208 1270 τῆς
1227 1217 1488 1271 ἐπικλήσεως,
1515 1218 1586 1258 ab·¹

124 1285 271 1330 estque
296 1274 473 1330 ἕχουσα;
499 1278 585 1328 ipso
618 1278 805 1324 nomine,
839 1290 867 1315 a
889 1290 968 1328 quo
993 1279 1274 1328 magistratus
1301 1277 1374 1315 ille
1392 1284 1588 1324 vocatur:

123 1334 421 1384 significante,
453 1331 556 1385 quid
582 1334 671 1370 eius
706 1335 762 1370 sit
782 1347 909 1384 opus,
946 1347 1037 1371 cum
1062 1346 1204 1372 servos
1225 1332 1276 1372 ad
1301 1334 1435 1373 ullum
1456 1333 1587 1388 magia

124 1400 300 1428 stratum
343 1388 527 1429 Athenis
570 1388 804 1438 admissos,
854 1388 1010 1428 nullibi
1049 1388 1208 1428 dictum
1236 1392 1478 1443 lectumque
1511 1392 1582 1430 sit.

121 1447 252 1485 Plato
283 1445 360 1485 lib.
393 1445 467 1484 VI.
501 1445 552 1486 de
585 1447 639 1486 L.
671 1446 722 1487 L.
755 1446 940 1485 fontium
972 1459 1111 1484 curam
1141 1444 1368 1486 demandat
1389 1443 1586 1502 oiyopoevd‘

119 1520 226 1558 μοις.
261 1502 375 1542 conf.
410 1505 565 1546 ,Μειινε
593 1503 699 1542 ΛιΙι.
731 1502 1078 1545 Ateie.1ib.111.
1111 1516 1201 1556 cap.
1237 1515 1298 1545 ιο.
1326 1513 1469 1557 potest
1492 1506 1586 1543 vn1··

122 1570 217 1615 gata
257 1559 386 1598 lectio
434 1559 492 1598 ita
523 1560 651 1598 etiam
690 1559 898 1614 intelligi,
950 1568 1000 1598 ut
1027 1560 1298 1614 magistratus
1329 1559 1402 1600 ille
1438 1573 1583 1600 servos

120 1617 321 1656 habuerit
363 1615 697 1672 κρηνοᾳύλακας,
759 1617 835 1670 qui
878 1630 1019 1656 curam
1068 1615 1272 1671 gerebant
1318 1615 1581 1672 clepsydrae

118 1673 298 1714 Kunun.

234 1750 401 1802 ὃουλους
430 1749 522 1808 εἰς]
561 1752 757 1792 Crassum
777 1750 931 1791 vitium
953 1749 998 1789 in
1019 1746 1191 1822 ,δούλους
1209 1753 1288 1802 εἰς,
1322 1750 1376 1792 ob
1403 1751 1517 1807 quod
1542 1763 1583 1793 et

119 1813 299 1849 alterum
326 1813 635 1848 accumulatum
665 1813 914 1865 glossemate
935 1808 1052 1847 vocis
1072 1807 1235 1863 ἔχουσα.
1268 1810 1366 1850 MS.
1402 1823 1479 1862 pro
1503 1809 1585 1851 illo,

117 1863 316 1916 δηλούσης
353 1864 506 1916 habet,
545 1868 720 1907 alterum
750 1879 837 1903 non
867 1865 1128 1933 adgnoscit.
1161 1880 1238 1906 nec
1267 1865 1442 1912 dubito,
1475 1866 1579 1920 quin

116 1933 235 1962 totus
267 1926 385 1962 locus
417 1922 476 1962 ita
507 1922 737 1977 legendus:
769 1919 890 1975 ἀρχή,
923 1917 1120 1973 ὁηλοῦσης
1150 1921 1195 1964 τό
1225 1922 1338 1978 ἔργον
1363 1941 1487 1972 αυτης
1509 1923 1581 1979 τῆς

116 1975 393 2029 ἐπικλήσεως·
426 1983 494 2021 καὶ
523 1985 558 2022 λ
618 1980 674 2019 Et
694 1975 1042 2030 κρηνοφυλᾶκιον,
1082 1979 1156 2030 ait,
1190 1983 1470 2032 magistratus
1490 1983 1580 2033 qui-

117 2037 222 2087 dem,
256 2037 439 2102 offic-iam
457 2039 544 2074 eius
567 2036 844 2087 adpellatione
872 2038 966 2087 ipsa
988 2036 1215 2076 indicante.
1272 2036 1370 2090 Ego
1397 2036 1576 2090 primum

115 2085 458 2145 κρηνοφυλοῖκων,
490 2106 567 2145 pro
598 2094 772 2146 vulgato
802 2091 1034 2146 κρηνοφυλιῖ
1039 2111 1125 2135 κιον
1147 2093 1296 2146 putavi
1324 2092 1577 2158 legendum:
1567 2123 1583 2141 .‚

114 2159 156 2190 et
183 2149 296 2188 forte
318 2163 381 2188 me
402 2163 486 2188 non
521 2148 743 2201 poenitere
773 2147 946 2199 debeat,
980 2163 1109 2203 quum
1132 2149 1257 2189 video
1279 2150 1340 2189 sic
1360 2148 1514 2204 legisse
1536 2159 1578 2190 et

117 2207 334 2258 Sigonium
366 2204 441 2246 lib.
474 2205 546 2246 IV.
580 2203 631 2243 de
662 2204 770 2257 Rep.
803 2205 959 2252 Atlzen.
992 2220 1082 2260 cap.
1111 2204 1150 2249 5.
1182 2206 1459 2254 scribentem,
1504 2209 1579 2260 qui

99 2261 297 2317 sontium
327 2276 475 2301 curam
504 2260 762 2310 habuerant,
797 2277 894 2313 quos
928 2261 1238 2315 κρηνοᾳι’λακας
1261 2264 1451 2315 appellat
1471 2263 1589 2307 Pol-¹

113 2323 201 2358 lux.
236 2320 492 2358 Aristotelea
525 2318 602 2358 VI.
632 2318 761 2356 Polit.
795 2317 834 2358 8.
849 2320 1026 2386 κρηνῶν
1059 2318 1301 2375 ἑπιμελητᾰς
1321 2327 1460 2358 vocat.
1495 2324 1574 2360 He·

112 2376 282 2425 syc-liius
314 2376 427 2415 forte
462 2374 515 2415 ad
543 2373 716 2415 eandem
750 2372 881 2442 ἀρχήν
904 2377 1160 2429 adspexerit,
1193 2376 1393 2423 scribens,
1426 2381 1571 2429 κρηιῗο-

111 2428 273 2485 φύλαξ,
303 2431 327 2473 o‘
357 2450 428 2482 την
459 2450 609 2489 κρηνην
649 2429 888 2484 φυλάσσων.
929 2432 1002 2472 sed
1038 2436 1254 2490 vulgatum
1285 2432 1383 2472 MS.
1429 2443 1574 2473 noster

112 2503 282 2545 quoque
303 2488 442 2529 habet.
503 2490 631 2529 IUNG.

221 2563 394 2618 δούλους
412 2572 470 2617 εἰς
490 2567 537 2611 τό
558 2568 590 2610 ἔ.
624 2587 662 2610 α.
695 2587 730 2610 τ.
762 2569 794 2609 ἕ.
825 2567 1010 2622 ἔ’χουσα.]
1044 2568 1111 2609 Ad
1133 2569 1255 2610 fidem
1275 2570 1398 2613 MSS.
1429 2572 1571 2610 locum

111 2624 359 2664 emendavi:
409 2629 583 2682 vulgata
614 2635 714 2667 sunt
748 2624 904 2679 inepta.
1586 2643 1590 2648 ·
