1664 3016
706 133 806 176 VII.
868 137 964 179 193.
1458 131 1539 179 541

76 246 276 300 restitui,
327 261 456 290 sensu
491 248 716 290 commodo
757 247 868 288 hanc
900 245 1266 288 emendationem
1279 250 1539 303 postulante.

75 306 300 347 Dolonem
334 319 507 362 quoque
540 305 719 362 βύρσαν,
762 305 801 344 si
827 319 903 359 pet
923 302 1050 347 MSS.
1082 303 1300 346 licuisset:
1339 305 1413 347 sed
1443 320 1540 345 cum

76 362 114 402 ii
137 375 226 402 non
246 362 436 414 faveant,
467 363 681 416 patiamur
699 361 897 403 inutilem
919 375 1067 403 vocem
1090 360 1137 400 in
1162 370 1286 402 textu
1309 376 1537 403 remanere.

76 419 139 459 ita
160 431 262 460 vero
283 419 504 488 sequentia
528 422 737 489 legerem.
767 413 928 470 ramgd’
949 434 1058 462 ανκ.
1076 422 1135 475 γλ.
1152 433 1189 460 τ.
1209 435 1256 472 φ.
1275 420 1338 462 ἐπ.
1355 422 1394 462 d.
1416 435 1481 462 ου.
1499 436 1538 464 τ.

74 475 185 532 rm.
203 472 272 530 ἅμ.
292 473 462 546 βύρσαις
481 478 588 526 εἰςτ.
611 472 651 518 ἆ.
671 494 707 520 κ.

107 577 128 600 t
188 531 468 590 γλευκαγωγόν
502 534 614 587 τινα]
658 533 769 588 Leg.
809 537 1099 602 γλευκαγωγῶν
1134 550 1236 576 τινα.
1274 531 1469 587 sequitur
1497 550 1539 578 x.-

74 605 203 632 ουτοι.
253 590 524 630 Pherecrates
556 604 659 631 vero
699 590 832 644 ipsam
867 589 1022 645 βύρσαν
1052 589 1186 642 dixit,
1242 589 1536 647 γλευκαγωγὸν,

73 653 210 687 utrem
233 654 370 687 musto
389 646 571 688 vehendo
591 656 753 700 aptum.
810 652 958 691 Rom.

184 757 339 831 βύρσας
356 761 514 818 γ.λευκ]
542 759 637 803 MS.
658 758 813 818 βύρσης
827 766 885 816 γλ.Ι
941 766 1049 801 que.

183 817 363 888 κάπηλοι
356 777 454 875 νδὲ]
484 818 537 858 In
558 819 656 858 MS.
678 818 796 860 deest
815 821 873 862 δὲ.
931 824 1034 858 Iuno.

183 874 490 930 ηραννυντες]
540 875 663 931 Aqua
702 875 873 916 scilicet
909 875 973 915 ita
1003 883 1054 914 ut
1088 874 1183 916 vini
1216 875 1414 931 generosi
1452 875 1536 928 vis,

72 945 184 987 aqua
212 932 381 974 modica
414 931 631 979 admixta,
670 941 987 1001 temperaretur.
1018 931 1182 987 quique
1214 932 1299 973 hoo
1330 942 1532 987 tempera-

74 998 263 1029 mentum
303 998 499 1030 accurate
535 988 808 1040 observabat,
850 1004 906 1030 ne
939 985 1091 1042 ὑδαρὴς
1120 988 1240 1031 fieret
1271 999 1429 1043 potus,
1470 987 1535 1032 ἐπ’

73 1048 326 1115 οἶνουργίᾳ,
334 1054 507 1099 propter
532 1048 676 1085 vinum
693 1049 774 1085 rite
786 1046 986 1098 fae-tum,
1015 1044 1280 1088 laudabatur.
1313 1046 1414 1100 quia
1431 1061 1534 1086 vero

71 1100 246 1157 κάπηλοι
262 1089 434 1144 modum
458 1103 547 1142 fere
568 1101 862 1143 excedebant
849 1118 894 1142 in
918 1102 1133 1143 miscenda
1157 1117 1266 1156 aqua
1287 1103 1406 1153 vino,
1428 1103 1534 1142 hino

72 1162 179 1200 male
207 1163 340 1215 vulgo
370 1158 624 1210 audiebant,
666 1169 715 1198 ut
741 1169 786 1199 et
813 1159 868 1199 ob
896 1160 1066 1215 iniquas
1095 1174 1325 1201 mensuras.
1386 1161 1536 1200 Potest

72 1226 116 1255 et
151 1218 271 1256 locus
294 1217 482 1257 Pollucis
519 1216 579 1254 ita
611 1191 825 1271 intelligi,
874 1227 925 1257 ut
954 1231 1047 1256 vox
1078 1214 1260 1270 κάπηλος
1289 1226 1410 1257 notet
1443 1231 1532 1256 non

72 1281 238 1313 tantum
260 1272 353 1314 vini
377 1272 509 1313 alieni
525 1271 812 1324 venditorem,
841 1273 915 1314 sed
939 1274 1061 1313 illum
1085 1274 1160 1328 qui
1182 1274 1330 1314 vinum
1355 1273 1535 1316 conficit

73 1329 164 1383 ipse
186 1340 231 1371 et
247 1327 414 1381 vendit,
445 1324 680 1383 amomum
697 1340 740 1370 et
763 1329 978 1400 οἰνουργός
996 1329 1136 1372 simul.
1195 1337 1346 1373 Kumm.

131 1399 134 1401 ’
179 1383 492 1457 κεραννυντες.]
526 1386 625 1429 MS.
644 1386 895 1439 κερανύντες,
926 1401 1016 1427 uno
1042 1403 1077 1429 ν.
1136 1393 1238 1427 IuNo.

181 1440 283 1486 οθεν
310 1443 378 1486 καὶ
404 1441 637 1498 Σαρᾶβωνα
675 1454 755 1484 etc.
770 1448 783 1493 ]
831 1445 974 1483 Etiam
1004 1441 1196 1498 Σάραβος
1231 1453 1275 1483 et
1316 1441 1534 1499 Σάραμβος

68 1500 308 1553 reperitur:
334 1498 434 1541 vide
452 1500 651 1539 casaub?
639 1515 683 1539 in
697 1501 847 1540 Athen.
874 1500 952 1540 lib.
970 1516 1044 1540 111.
1065 1515 1155 1555 cap.
1169 1512 1238 1557 29
1260 1502 1320 1541 H.
1334 1501 1530 1555 Stephon.

68 1559 292 1597 Platonem
312 1556 533 1597 Comicum
561 1557 750 1612 intelligi
770 1557 1011 1600 arbitratur.
1070 1563 1152 1599 Smi.

182 1611 284 1657 σθεν
301 1614 369 1656 καὶ
388 1612 623 1669 Σαράβωνα
643 1624 726 1658 etc,
737 1615 752 1668 ]
789 1615 840 1654 In
862 1617 1048 1654 Platone
1063 1615 1315 1668 simpliciter
1331 1614 1532 1655 laudatur

69 1669 365 1723 Sarambus,‘'
340 1688 402 1714 οτι
419 1675 663 1724 θαυμαστῶς
681 1668 949 1722 παρεσκεύαζε
967 1670 1039 1714 τὸν
1062 1677 1191 1715 οἶνον.
1249 1679 1395 1712 Kumm.

183 1725 282 1771 οθεν
313 1729 383 1771 καὶ
400 1727 633 1798 Σαραβωνα
653 1729 762 1782 etc.]
803 1730 942 1768 Deest
973 1729 1020 1767 in
1048 1727 1148 1771 MS.
1170 1728 1372 1782 periodus
1399 1728 1531 1770 haec:

69 1782 170 1828 οθεν
204 1785 271 1827 καὶ
309 1789 372 1827 Σα
374 1784 540 1841 ρᾶβωνα
578 1795 657 1827 etc.
700 1787 924 1841 οἶνουργίᾳ.
992 1788 1192 1825 Platonis
1219 1785 1348 1825 verba
1376 1787 1534 1826 recitat

68 1841 339 1892 Athenaeus,
368 1842 421 1882 ad
453 1857 577 1897 quem
609 1840 696 1885 vid,
724 1843 1019 1882 Casaubonum
1045 1853 1239 1882 nostrum
1260 1858 1336 1883 111.
1366 1842 1531 1884 Athen.

70 1911 136 1953 29
170 1898 244 1952 qui
267 1896 675 1949 hunosarambum‚
707 1902 836 1940 etiam
855 1900 1064 1939 Sarabum
1094 1899 1361 1938 nominatum
1389 1909 1532 1939 osten-

71 1956 149 1997 dit.
182 1953 355 2003 Pollux,
395 1955 479 2005 ait,
515 1970 642 2009 neque
671 1956 774 2006 hoc,
816 1971 946 2010 neque
979 1958 1109 2009 illud,
1148 1956 1224 1995 sed
1250 1956 1530 1998 Sarabonem:

69 2014 110 2051 si
138 2011 256 2051 modo
287 2013 353 2050 ita
379 2015 552 2064 scripsit
570 2013 643 2051 lib.
675 2026 759 2053 ru.
791 2023 872 2056 ete.
932 2013 991 2053 Et
1008 2027 1107 2053 sane
1126 2012 1171 2051 in
1193 2023 1341 2053 nostro
1360 2014 1455 2054 MS.
1480 2028 1531 2053 ea

69 2067 239 2118 desunt,
270 2077 321 2107 ut
338 2067 452 2107 nihil
475 2067 526 2109 de
542 2069 726 2123 genuina
748 2071 957 2123 scriptura
980 2069 1200 2110 adfirmare
1218 2070 1392 2124 possim.
1451 2070 1532 2109 Ait

68 2134 211 2165 tamen
251 2126 478 2179 plerosque
516 2125 769 2165 Sarambum
809 2125 926 2166 hunc
962 2126 1217 2182 indigitasse
1257 2126 1531 2166 casaubonus

68 2190 227 2231 noster,
264 2191 314 2220 ut
344 2191 386 2222 et
414 2182 460 2221 in
493 2180 688 2222 Platonis
717 2185 815 2222 loco
844 2184 914 2223 sit.
982 2184 1128 2223 Locus
1159 2183 1356 2223 Platonis
1390 2193 1453 2223 est
1482 2183 1530 2222 in
1562 2204 1565 2207 -

74 2238 253 2292 Gorgia,
284 2253 406 2293 quem
428 2249 470 2279 et
488 2237 559 2278 bie
579 2248 716 2278 totum
733 2239 851 2280 lubet
870 2239 1130 2282 adscribere:
1169 2243 1349 2310 Θεαρίων
1371 2236 1392 2282 5
1412 2256 1531 2293 αρτο-

66 2293 205 2348 ποιὰς,
233 2297 301 2338 καὶ
321 2298 538 2345 Μίθαικος
561 2292 583 2338 5
605 2294 688 2348 τήν
709 2292 931 2348 ὀψοποιίαν
963 2311 1251 2367 συγγεγραφως
1275 2295 1350 2350 τὴν
1368 2300 1530 2338 Σικελι-

67 2350 169 2405 κήν,
210 2354 278 2395 καὶ
303 2351 556 2408 Σάραμβος
563 2348 585 2396 5
610 2350 813 2405 κάπηλος·
853 2371 915 2396 οτι
949 2371 1060 2397 ουτοι
1094 2354 1319 2424 θαυμάσιοι
1344 2352 1530 2420 γεγόνασι

69 2406 263 2461 σωμάτων
282 2412 546 2462 θεραπευταὶ,
586 2406 608 2451 5
635 2408 707 2463 μὲν
730 2407 878 2463 α’ρτους
901 2409 1165 2464 θαυμαστοῦς
1190 2407 1527 2465 παρασκευαζων·

68 2462 92 2508 5
115 2465 176 2515 δὲ,
206 2463 334 2517 ὄψον·
365 2464 387 2509 5
417 2468 480 2517 δὲ,
513 2466 640 2509 οἶνον.
699 2467 831 2517 Ecce,
864 2464 886 2509 ὁ
909 2467 951 2511 δὲ
973 2467 1107 2519 οἶνον,
1141 2467 1256 2522 quod
1286 2467 1348 2504 ait
1377 2466 1528 2506 Pollux

67 2519 135 2565 ἐπ’
160 2524 370 2578 οἰνουργίᾳ
392 2538 488 2567 eum
516 2521 683 2563 laudari
710 2536 731 2560 a
755 2522 953 2576 Platone,
984 2525 1107 2564 cuius
1130 2524 1247 2563 hunc
1268 2525 1409 2561 locum
1427 2523 1528 2560 No-

67 2588 204 2618 strum
236 2582 473 2633 respexisse
504 2583 647 2620 nullus
675 2577 851 2630 dubito,
891 2595 978 2620 non
1003 2583 1201 2620 Platoms
1228 2578 1393 2619 Comici
1427 2592 1526 2619 vero

67 2635 276 2691 aliquem,
306 2646 356 2676 ut
381 2643 588 2693 putarunt
619 2634 790 2691 quidam
823 2613 1018 2680 liomines
1053 2635 1315 2687 doctissimi,
1346 2634 1452 2676 adeo
1479 2644 1532 2675 ut
