1664 3016
667 81 792 135 v111.
852 97 949 138 114.
1456 97 1536 136 771

87 205 298 259 Ulpianus
316 204 362 244 in
379 220 456 246 sua
478 206 746 246 enarratione
765 204 828 244 ibi
842 235 854 255 ,
885 202 957 248 τόν
975 203 1274 247 ἐπισκοποῦντα
1291 201 1343 247 ταὶ
1361 201 1537 256 θύματα,

80 261 142 317 μοι’
159 260 335 317 ἀδόκιμα
362 266 433 305 καὶ
458 261 573 316 πηροὶ
597 261 702 306 εἷεν·
730 261 891 316 βοώνην
921 264 979 313 δὲ,
1008 259 1078 303 τόν
1099 259 1328 314 ὠνούμενον
1353 261 1538 319 βοῦςᾎίς

80 317 156 369 τοῖς
182 316 338 374 ἑορτάς.
395 320 537 359 Totus
563 318 711 373 itaque
732 318 921 358 Pollucis
934 322 1054 359 locus
1084 317 1143 356 ita
1168 317 1454 358 restituendus
1474 318 1537 357 vi·

80 374 232 416 detur:
262 376 331 418 καὶ
347 375 568 430 τειχοποιοὶ
587 377 657 423 δὲ,
685 376 753 418 καὶ
768 376 975 430 ἷξροποιοὶ,
1010 376 1082 418 καὶ
1099 375 1267 428 βοῶναι,
1297 374 1538 429 ὁπηρεσιῶν

81 430 279 488 ὀνόματα.
337 432 469 472 Iuno.

192 488 335 542 βοῶν]
363 488 497 529 Binas
524 488 744 539 literulas,
777 502 884 544 quae
912 490 1020 529 male
1042 487 1239 537 aberant,
1270 502 1364 528 eum
1391 488 1539 527 Kueh-

82 547 155 585 nio
176 543 328 585 adieci.

193 599 484 655 α’ποδεκταῒοι]
535 603 640 657 Leg.
672 595 915 652 οἷποδὲκται,
941 603 1016 655 qui
1046 601 1314 653 accipiebant
1339 597 1445 643 κατᾰ
1462 600 1539 654 1⁴⁶⁹-

78 674 179 712 «ερον
195 657 484 711 frumentum,
514 669 807 712 acceptumque
836 661 985 697 iterum
1011 658 1328 696 emetiebantar:
1359 657 1445 696 nisi
1479 660 1537 698 le·

80 713 266 769 gendum
297 714 532 769 ἀποψῆκται
578 716 628 754 ab
669 714 868 767 οἷποψᾰω.
907 714 1078 756 abrado.
1124 711 1281 767 ψηκιός
1316 710 1461 768 μόδιος
1491 714 1536 753 iu

86 771 225 812 Gloss.
260 787 397 814 rasus.
441 770 706 828 οἱπόψηκτρον
737 773 916 825 Raptus,
949 772 1067 820 alias,
1100 773 1320 810 rasorium.
1351 771 1537 812 Kumm.

195 826 484 883 α’ποδεκταῒοι]
535 832 608 870 Sat
651 827 899 869 mendorum
941 828 988 866 in
1028 827 1107 865 hac
1145 826 1327 881 pagina:
1358 826 1538 867 necdum

80 894 184 927 sunt
212 885 439 942 profligata
468 896 622 926 tamen.
683 887 751 924 En
782 885 895 924 enim
923 898 1131 932 crassum,
1173 885 1241 926 καὶ
1270 881 1540 936 α’ποδεκταῖοι,

80 947 144 986 οἱ·
176 941 240 996 σιξ
260 941 378 997 quod
408 945 469 986 Η.
491 943 633 996 Steph.
665 940 869 995 adposuit
898 955 1076 980 crucem.
1112 939 1186 978 sed
1218 950 1280 979 est
1308 954 1383 993 par
1404 950 1447 979 et
1469 955 1539 996 ge·

80 998 246 1038 minum
267 998 467 1040 mendum
489 1014 584 1039 cum
613 1000 690 1038 illo
716 996 832 1052 quod
854 1011 981 1050 supra
1003 996 1171 1034 Seberus
1190 1005 1334 1036 noster
1358 1007 1542 1037 notave-

80 1065 162 1097 rat.
221 1056 440 1110 Expresso
476 1057 590 1095 enim
614 1056 708 1096 MS.
740 1064 884 1093 noster
912 1052 1042 1092 habet
1062 1054 1131 1094 καὶ
1149 1051 1381 1103 οἷποδέκται,
1414 1057 1453 1096 οἱ
1472 1051 1541 1095 κᾶν

81 1129 122 1156 o.
152 1122 195 1153 et
217 1113 279 1152 sic
297 1113 445 1167 itaque
467 1111 659 1156 emenda,
688 1109 881 1150 habuisti
901 1108 952 1150 de
978 1109 1032 1148 iis
1054 1110 1135 1147 iam
1165 1123 1290 1163 supra
1311 1125 1438 1165 segm.
1471 1125 1539 1166 97.

78 1169 239 1223 repetit
277 1169 391 1210 enim
425 1168 629 1224 quaedam
662 1167 734 1206 bic
765 1169 939 1217 Noster,
972 1176 1020 1205 ut
1047 1162 1277 1218 ἱεροποιοιῖς
1306 1166 1457 1219 modo,
1490 1167 1541 1207 de

81 1224 238 1280 quibus
269 1225 395 1265 etiam
430 1227 514 1265 iam
544 1239 671 1279 supra
704 1238 835 1277 segm.
867 1235 957 1274 107.
990 1223 1075 1261 nisi
1099 1233 1237 1262 tamen
1274 1225 1471 1277 ἱεροποιοὶ
1501 1233 1543 1264 et

78 1283 310 1333 α’ποδέκται,
333 1296 356 1321 a
374 1282 669 1336 superioribus
691 1279 958 1328 differebant,
990 1289 1032 1319 et
1053 1279 1198 1332 potius
1218 1282 1418 1333 δημοσίων
1438 1280 1537 1331 ύπη.

79 1340 230 1395 ρεσιῶν
247 1336 433 1392 ὀνόματα
454 1340 542 1378 sint
559 1339 643 1379 hoc
664 1341 788 1390 loco,
819 1346 870 1376 ut
900 1337 1059 1376 Pollux
1079 1350 1180 1376 sane
1207 1336 1385 1377 innuere
1418 1336 1543 1377 vide-

80 1406 164 1437 tur.
224 1395 356 1438 que.

192 1451 482 1505 οἷποδεκταῒοι]
522 1450 657 1503 Idem,
684 1449 799 1508 quod
828 1448 959 1490 modo
993 1459 1103 1498 erat,
1131 1449 1311 1502 vitium3
1342 1449 1543 1491 emenda-

79 1519 258 1565 tumque
288 1519 351 1549 est
374 1523 397 1548 a
417 1509 613 1547 Kuelznio
634 1509 681 1547 in
704 1517 848 1548 textu:
879 1520 958 1561 pro
992 1504 1182 1561 α’πομετρ.
1213 1507 1544 1560 Falokenburgic'

82 1567 233 1608 Codex
251 1569 429 1620 ἐπιμετρ.
460 1580 547 1605 non
567 1566 708 1604 minus
733 1574 859 1604 recte.

195 1623 391 1676 σιτῶναι]
434 1623 507 1661 De
532 1621 599 1661 his
620 1623 823 1676 Sigonius
843 1620 918 1660 lib.
939 1620 1016 1661 IV.
1050 1619 1100 1660 de
1112 1620 1227 1675 Rep.
1255 1619 1413 1660 Athen.
1447 1634 1539 1674 cap.

82 1678 122 1723 5·
153 1678 448 1734 συνωνούμενοι
482 1688 526 1719 et
565 1680 656 1720 MS.
691 1687 838 1718 noster
877 1676 1031 1729 habet,
1076 1678 1220 1732 itaque
1258 1691 1335 1730 pro
1368 1679 1542 1732 vulgato

79 1754 215 1782 συνον.
247 1739 307 1777 H.
344 1736 580 1789 Stephanus
602 1735 647 1773 in
672 1749 750 1774 suo
770 1733 931 1776 Codice
951 1743 1212 1788 reposuerat.
1243 1734 1373 1775 Imm.

193 1792 514 1847 συνωνούμενοι]
564 1792 798 1834 Herodian.
835 1790 932 1830 libr.
963 1791 1000 1832 I.
1039 1791 1117 1831 fol.
1160 1789 1255 1846 479.
1298 1792 1541 1844 (syntagm.

81 1851 175 1893 scil.
210 1850 249 1896 5.
280 1852 445 1891 Histor.
477 1850 656 1888 Roman.
697 1848 902 1902 Weclzel.)
931 1849 1047 1890 σίτου
1077 1850 1256 1890 πλεῖστον
1284 1846 1543 1902 συνωνούμε-

80 1925 151 1958 νος
168 1910 239 1951 καῖ
260 1906 503 1950 ἀποκλείων.
533 1905 696 1960 priores
716 1905 900 1945 edition.
933 1903 1230 1959 συνονούμειιοι.
1290 1904 1390 1946 sn,

194 1962 298 2021 τάχα
319 1966 362 2007 δὲ
386 1966 456 2006 καῖ
475 1963 701 2018 πρακτῆρες
733 1962 840 2015 etc.]
876 1961 924 2000 C.
958 1962 1008 2000 V.
1041 1964 1100 2011 εἴη
1125 1961 1253 2014 ὄνομα
1274 1959 1303 2011 ἤ
1318 1957 1545 2016 πράκτορες

83 2017 132 2065 αἶ.
162 2028 216 2066 Δ.
242 2023 451 2076 παρέδωκε
473 2022 557 2070 τοῖς
580 2014 842 2074 πράκτορσιν.
880 2017 917 2061 o‘.
970 2017 1155 2059 Kmffln.

194 2076 294 2135 τάχα
324 2080 367 2121 δὲ
397 2080 468 2121 καῖ
493 2077 722 2131 πρακτῆρες
750 2077 858 2129 etc.]
899 2075 991 2115 MS.
1022 2073 1130 2129 τάχα
1151 2073 1196 2116 δ’
1214 2072 1265 2116 «ἲν
1281 2074 1347 2116 καὶ
1364 2072 1546 2128 πρακτῆ-

82 2152 152 2192 ρες
182 2137 245 2187 εἴη
274 2136 401 2190 ὄνομα
428 2135 499 2177 ὑπ.
556 2134 617 2173 Et
647 2142 758 2172 certe
788 2133 848 2172 ita
879 2135 1009 2186 longe
1047 2132 1206 2172 rectius
1238 2130 1422 2170 scribas:
1466 2144 1545 2170 nec

83 2193 187 2234 olim
224 2193 350 2247 potui
378 2203 648 2244 concoquere
676 2188 785 2228 illud
805 2188 832 2239 ἤ
850 2198 949 2228 ante
982 2188 1111 2242 ὄνομα
1134 2188 1180 2227 in
1201 2188 1399 2243 vulgatis,
1438 2189 1545 2225 Fue-

83 2253 157 2301 rit,
188 2250 265 2297 ait,
293 2249 408 2302 forto
433 2257 474 2287 et
506 2247 736 2302 πρακτῆρες
762 2247 992 2285 ministerii
1019 2260 1192 2291 nomen,
1224 2247 1312 2283 sive
1337 2245 1413 2282 isti
1432 2239 1546 2296 προῖ-

83 2323 222 2361 nopae
242 2310 344 2354 sinc,
377 2314 424 2344 ut
456 2303 573 2357 apud
600 2303 927 2343 Demosthenem.
990 2303 1062 2342 De
1082 2301 1148 2340 his
1170 2300 1440 2354 praetoribus
1468 2297 1541 2339 vid

84 2363 230 2416 Sigon.
269 2363 345 2403 lib.
375 2362 453 2402 IV.
486 2360 538 2401 de
560 2360 669 2414 Rep.
705 2359 859 2401 Athen.
891 2374 927 2400 c.
959 2357 999 2400 5.
1058 2358 1186 2397 Iunc.

194 2418 300 2476 τάχα
321 2423 363 2463 δὲ
384 2423 497 2469 etc.]
530 2418 639 2458 Mox
667 2418 810 2471 vulgo¹
825 2427 915 2456 erat
934 2414 961 2468 ἦ
983 2415 1110 2469 ὄνομα
1132 2412 1257 2469 ὖπηρ.
1288 2411 1546 2453 emaculavit

85 2485 250 2517 textum
267 2478 498 2517 Kuelznius.

198 2532 329 2583 ούδεῖς
358 2535 402 2576 δὲ
436 2532 582 2585 παρέδ.
615 2528 731 2585 etc-]
782 2529 877 2573 MS.
904 2528 1035 2578 οὐδεὶς
1054 2527 1286 2582 παρέδωκεν
1302 2527 1388 2574 τοῖς
1408 2520 1547 2580 προῖκ-

84 2607 224 2647 τορσιν
244 2590 294 2635 τό
310 2591 450 2647 ὄνομα.
509 2586 696 2643 Egregie
728 2595 874 2627 noster
892 2586 984 2629 MS.
1019 2599 1106 2640 quo
1134 2582 1285 2623 ordine
1306 2581 1410 2622 haec
1432 2579 1547 2635 apud

1093 2651 1274 2696 Coc2
