1664 3016
152 119 235 160 690
757 117 879 159 vm.
937 119 1006 162 75.

262 285 328 328 καὶ
353 283 607 339 ἀναιρεθεὶς]
644 286 694 326 In
725 285 821 330 MS.
845 233 978 327 7:356est
1004 288 1087 330 καί.
1119 287 1212 341 pari
1241 286 1368 328 modo
1395 296 1445 328 ut
1473 287 1602 328 modo

152 355 277 396 supra
300 342 344 380 in
367 341 553 398 vulgatis
575 351 617 383 et
646 342 874 398 participia
895 343 1182 385 subiiciuntur
1200 343 1292 386 sine
1318 343 1400 385 hac
1417 345 1604 400 particu-

150 401 405 439 la.K1mm‹.

262 450 536 509 αποσφαγεις]
567 451 660 495 MS.
687 450 926 494 mendose'
902 470 1155 525 αποσφαγης.
1209 464 1314 497 Iuno.

262 510 467 564 φόνευσις]
503 511 581 549 Pro
605 506 796 562 φόνευσις
814 510 912 551 MS.
936 510 1086 564 φόνος·
1120 513 1233 567 quod
1260 527 1361 554 sane
1383 526 1406 553 a
1433 512 1604 553 Polluce

150 567 489 622 praetermissum
514 580 603 606 non
625 576 744 620 puto.
786 568 956 607 facilius
985 571 1160 610 alterum
1191 569 1376 622 credam,
1408 568 1602 624 quamvis

149 638 229 664 nec
251 622 357 662 illud
381 626 479 662 loco
502 633 657 663 temere
676 638 878 664 moveam.
937 631 1044 664 Iunc.

218 687 222 690 ⁴
260 677 487 735 πάροινος]
529 680 667 718 Glose.
691 682 950 731 vinolentus,
981 691 1024 721 et
1044 695 1120 736 per
1147 680 1294 724 vinum
1316 682 1532 728 violentus
1559 691 1603 721 et

150 736 337 777 iniurius
360 736 404 775 in
425 739 617 776 alterum.
675 742 819 776 Kumm.

259 790 448 848 ὖπερυβρ.
479 797 546 835 πλ.
578 792 723 848 ἐνετρ.]
761 792 964 835 Δδωιηο
986 793 1035 835 C.
1060 793 1112 835 A.
1131 791 1421 851 ὕπερυβρίζων,
1450 791 1605 849 πληγᾶς

149 851 398 917 ἐνετρίψατο
455 855 601 890 Kumm.

263 903 454 961 ὁπερυβρ.
493 910 558 948 πλ.
588 906 710 959 ἕνετρ
722 905 743 958 ]
795 903 950 963 πληγὰς
974 907 1209 962 ἐνετρίψατο
1238 906 1500 962 ineptissime
1531 905 1604 945 hic

148 964 375 1014 intrusum,
407 965 475 1002 vel
494 962 587 1001 MS.
607 962 771 1015 prodit,
804 964 875 1018 qui
901 962 1008 1002 illud
1035 963 1231 1004 hocloco
1254 978 1340 1004 non
1358 963 1499 1015 habet,
1529 962 1604 1002 sed

147 1021 260 1060 infra
283 1034 412 1073 segm.
439 1033 522 1073 seq.
555 1018 626 1057 hic
644 1018 791 1073 itaque
816 1019 1030 1068 eiiciatur,
1060 1029 1102 1060 et
1116 1030 1348 1075 reponatur
1370 1035 1462 1073 suo,
1481 1034 1605 1076 quem

147 1091 247 1117 mox
267 1075 416 1126 dicam,
446 1078 555 1115 loco.

259 1129 561 1186 ὖπερυβρίζων]
602 1129 731 1186 Quod
761 1130 858 1171 heic
879 1131 1019 1172 alieno
1052 1135 1149 1173 loco
1179 1134 1433 1197 sequebatur
1452 1129 1608 1184 πληγας

148 1188 407 1241 ἐνετρίψατο,
458 1187 640 1228 eiectum
678 1202 773 1228 cum
798 1188 921 1232 MSS
962 1189 1143 1230 inferius
1185 1187 1466 1231 commodiori
1505 1190 1604 1227 loco

146 1244 328 1286 reddidi.

258 1298 496 1356 ὗβριστικός,
515 1300 610 1353 etc.]
639 1298 737 1341 MS.
764 1299 960 1343 mendose
976 1319 1069 1358 παρ.
1088 1299 1342 1358 υβριστικῶς,
1365 1303 1601 1351 αἰκιστικως,

147 1353 219 1403 ὖπ.
251 1372 382 1413 quum
402 1371 505 1397 mox
528 1371 575 1398 ea
596 1358 708 1396 inter
730 1355 925 1398 adverbia
944 1369 1171 1416 sequantur
1191 1359 1353 1400 denuo.
1401 1364 1512 1399 Iunc.

262 1471 330 1513 καὶ
349 1467 613 1540 ὖβριστικως]
642 1469 710 1512 καὶ
732 1468 879 1509 deest
868 1486 913 1510 m
935 1471 1029 1514 MS.
1086 1478 1197 1514 que.

261 1525 537 1600 κατηλύγησε]
581 1525 670 1569 MS.
690 1525 931 1582 κατηλόγησε
946 1534 1117 1586 πληγαῖς
1135 1528 1366 1585 ἐνετρίψατο
1383 1558 1398 1578 ,
1427 1529 1605 1572 ἔπαισεν.

150 1589 281 1626 Suum.

262 1638 538 1697 κατηλόγησε]
584 1638 635 1684 C.
661 1639 711 1680 Α.
730 1638 884 1708 πληγας
904 1641 1156 1696 ἐνετρίψατο,
1183 1642 1343 1692 ἔπαισε,
1376 1641 1492 1697 quod
1511 1656 1604 1682 me-

151 1697 236 1737 lius
258 1700 446 1752 vulgato.
476 1701 606 1752 paulo
631 1706 727 1736 ante
749 1714 789 1738 π.
812 1694 971 1740 κόπτειν
988 1699 1167 1738 velimus
1186 1699 1379 1751 retinere,
1410 1701 1492 1753 leg.
1508 1704 1605 1752 πλη-

151 1760 239 1809 γαῖς
255 1756 465 1806 κατέκοψε,
495 1753 726 1794 verberibus
759 1754 953 1796 concidit.
1012 1755 1093 1796 Ριο
1115 1753 1359 1810 κατηλύγησε
1381 1753 1605 1811 κατελύγισε

152 1813 348 1866 legerem,
381 1814 598 1860 contorsit,
631 1809 813 1851 obtorsit
872 1816 1019 1853 Kmmx.

258 1865 532 1933 κατηλύγησε]
572 1843 671 1908 MS.
699 1863 937 1920 κατηλόησε,
972 1867 1127 1923 πληγὰς
1152 1869 1382 1923 ἐνετρίψατο
1391 1898 1406 1917 ,
1433 1868 1605 1911 ἔπαισεν.

155 1922 330 1964 omnino
363 1924 543 1977 optime,
577 1920 792 1986 quomodo
814 1932 855 1962 et
884 1923 982 1965 MS.
1010 1926 1159 1965 Seberc'.
1191 1925 1436 1990 κατηλύγησε
1455 1927 1603 1979 vulga-

154 1989 242 2019 tum
263 1979 393 2018 nihili
415 1989 496 2020 est:
527 1994 604 2019 nec
625 1977 719 2033 quis
736 1978 966 2034 κατηλύγισε
978 1981 1183 2030 somniet,
1217 1996 1303 2022 non
1317 1981 1429 2021 enim
1445 1980 1495 2020 de
1508 1983 1602 2021 vin-

155 2036 263 2075 culis
286 2038 354 2075 vel
375 2035 677 2075 tormentishic
692 2047 840 2076 sermo.
871 2041 1068 2094 καταλοᾷν
1081 2038 1252 2092 proprie
1269 2037 1496 2078 verberibus
1509 2052 1603 2076 con-

155 2091 338 2130 tundere.
398 2091 462 2130 Ita
485 2104 655 2145 prorsus
674 2091 901 2132 Aeschines
927 2094 972 2132 in
1001 2108 1048 2134 ea
1068 2095 1157 2149 περὶ
1178 2097 1426 2163 παραπρεσβ.
1447 2091 1508 2136 ότε
1527 2091 1603 2135 αὐ-

153 2153 235 2192 ταῖν
262 2146 357 2197 τούς
384 2143 562 2201 ὁμήρους
592 2146 779 2202 λαβόντες
806 2151 846 2192 οἱ
874 2154 1030 2201 Φωκεῖς
1057 2149 1319 2218 κατηλόησαν.
1347 2151 1533 2203 Xenoph.
1556 2151 1602 2190 in

155 2203 320 2269 proelio
346 2203 429 2243 isto
454 2205 561 2257 Cyri,
600 2203 697 2253 τούς
724 2203 765 2244 δὲ
787 2208 1003 2256 πίπτοντας
1028 2205 1232 2261 κατηλόων
1257 2207 1455 2249 1ίῑπ.νιι.
1480 2210 1601 2248 Παιδ.

154 2261 216 2300 sic
234 2259 378 2313 itaque
399 2262 540 2300 locum
558 2271 663 2312 puto
682 2263 970 2312 scribendum,
1002 2278 1095 2303 cum
1126 2264 1204 2310 iis,
1239 2277 1344 2318 quac
1364 2262 1477 2302 infra
1494 2266 1601 2303 male
1657 2266 1659 2269 ’

157 2317 334 2371 vulgati
347 2315 645 2367 obtrudebant
677 2330 724 2358 ut
748 2335 801 2361 ex
822 2320 917 2359 MS.
940 2319 1159 2374 adscripsi.
1218 2325 1320 2359 ΙυΝσ.

269 2371 522 2438 κατηλῦγησε,
546 2382 623 2415 etc.
632 2375 646 2427 ]
679 2376 793 2415 Huic
816 2377 914 2416 voci
936 2379 1064 2431 vulgo
1087 2375 1405 2427 subiiciebatur,
1436 2380 1603 2427 πληγαῖς

159 2431 315 2481 ἔπαισε,
349 2430 562 2484 ineptum,
592 2444 671 2470 nec
697 2433 798 2472 satis
817 2433 1042 2474 Graecum:
1075 2442 1209 2472 totum
1228 2434 1370 2471 locum
1401 2432 1452 2471 ad
1475 2431 1601 2473 MSS.

160 2485 282 2526 fidem
305 2486 483 2529 restitui.
542 2487 676 2527 Prout
694 2499 833 2529 autem
854 2486 1005 2545 πληγὰς
1022 2490 1213 2542 ἔντρίβειν
1235 2487 1305 2527 hic
1323 2498 1400 2538 est,
1426 2489 1484 2527 ita
1504 2489 1601 2528 Plio·

161 2543 331 2582 tarclms
360 2539 556 2586 κόνδυλον
585 2544 774 2599 ἐντρίβειν
810 2545 922 2585 dixit
956 2546 1001 2584 in
1030 2545 1267 2588 Alcibiade.
1319 2544 1369 2584 de
1397 2549 1531 2600 πληγῇ
1560 2554 1603 2585 et

160 2604 326 2657 πληγαῖς
348 2599 384 2639 si
408 2602 546 2656 legere
564 2600 733 2656 lubeat,
762 2600 981 2644 adeundus
1009 2611 1072 2643 est
1094 2600 1424 2641 Eruditissimus
1443 2601 1603 2641 Herat-
