1664 3016
156 134 240 176 676
755 128 879 169 VIII.
939 130 1007 173 65

161 240 432 297 ἆπαιδιῆτησε.
472 238 837 298 οἷποδεδιητημὲνον
875 251 939 282 est
975 243 1198 283 arbitrium
1229 245 1395 284 irritum
1419 257 1607 297 pronun·-

162 305 318 340 uatum
345 307 392 337 ut
422 297 551 337 denuo
565 300 669 348 flat.
714 297 1078 357 κατεδιῃτησάμην,
1112 301 1290 339 arbitrio
1317 301 1607 342 condemnati.

162 365 308 397 extant
338 355 383 393 in
411 353 527 396 Orat.
559 356 774 394 Demostlz.
805 365 950 395 contra
969 357 1167 396 Midiam.
1197 371 1320 411 saepe
1343 367 1385 397 et
1413 353 1609 399 αποδιαι-

161 417 282 466 τῆσαι
300 421 362 450 est
383 411 594 449 absolvere
616 412 814 462 arbitrio,
846 425 968 464 saepe
990 422 1112 452 notat
1136 413 1406 455 contrarium.
1464 420 1608 452 Kumm.

273 465 485 524 διῄτησεν]
514 466 607 509 MS.
639 479 783 507 noster
811 466 971 506 duabus
999 469 1162 508 voculis
1191 471 1408 508 Pollucem
1426 472 1608 523 supplet,

164 524 278 566 unde
303 526 474 578 vulgata
502 525 720 563 restitues.
752 521 959 581 διῄτησεν,
991 526 1286 585 δεδιῃτημὲνον,
1317 524 1608 597 κατεδιῄτησεν,

164 580 527 648 ἄποδεδιῃτημὲνη,
558 579 765 650 διαιτήσιμ.
825 580 1014 620 Alterum
1049 595 1146 621 velo
1177 581 1450 651 κατεδιῄτησεν
1472 591 1534 621 est
1564 581 1611 619 in

164 639 300 694 prima
328 646 474 676 contra
507 637 574 689 Ap
577 637 668 677 hob.
699 655 746 679 ου
778 636 853 694 γὰρ
883 633 934 678 ἂν
962 633 1088 679 αὐτοῦ
1120 625 1392 710 κατεδιῄτησε·
1438 647 1481 679 et
1516 637 1611 680 adv.

166 698 370 735 Boeotum
398 691 449 732 de
478 692 598 734 dote:
637 692 787 748 ἐοήμην
813 693 1090 749 κατεδιῄτησεν
1117 693 1266 738 αὐτοῦ·
1295 704 1408 736 recte
1442 709 1542 735 vero
1569 703 1612 734 et

167 750 276 792 illud
303 747 670 803 ἆποδεδιητημὲνη·
710 750 755 789 id
789 750 900 791 enim
932 764 984 790 ex
1011 753 1109 790 loco
1140 752 1427 790 Demosthenis
1459 753 1614 791 Noster

167 806 388 860 excerpsit.
448 806 518 845 Sic
547 806 659 846 enim
690 821 747 846 ex
777 821 823 848 ea
847 804 949 848 κατὰ
970 808 1147 849 Μειδίου
1168 807 1305 848 adfert
1324 807 1522 847 Budaeus
1539 804 1613 858 τήν

169 861 319 918 δίκην
299 862 354 915 η“ν
370 861 657 921 κατεδιῃτήκει,
687 861 833 917 ταύτην
853 860 1223 920 ἀποδεδιῃτημένην
1241 860 1496 916 ἀποφαίνειν.
1553 864 1614 901 Et

169 935 224 962 ex
250 919 395 959 eodem
427 906 699 959 Demosthene
727 919 862 971 idem,
906 918 1021 974 quod
1052 919 1103 959 ad
1112 919 1412 990 κατεδιῄτησεν
1436 919 1613 960 attinet.

169 978 454 1030 ἐπιδημοῦντος
481 975 522 1018 δὲ
546 973 690 1019 τούτου
717 975 886 1024 ἐνθάδε,
917 977 984 1019 καὶ
1004 993 1080 1018 ουκ
1100 972 1398 1032 ἆπαντησαντος
1419 974 1522 1031 πρὸς
1543 973 1615 1018 τὸν

169 1032 404 1102 διαιτητὴν,
443 1030 598 1087 ἐρήμην
634 1030 913 1103 κατεδιῃτησεν
939 1029 1084 1075 αὐτοῦ·
1129 1037 1249 1073 locus
1275 1043 1338 1075 eut
1361 1034 1409 1073 in
1436 1046 1485 1072 ea
1514 1031 1617 1084 πρὸς

171 1087 352 1133 Βοιωτὸν
378 1086 477 1142 ὑπὲρ
488 1086 669 1183 fnoomdg
704 1088 904 1144 μητρῴας.
961 1090 1041 1128 Pro
1081 1089 1265 1146 διῄτησεν
1291 1104 1416 1141 vero,
1466 1098 1515 1128 ut
1543 1089 1615 1127 hic

171 1147 298 1188 etiam
321 1146 417 1188 MS.
439 1145 483 1183 in
488 1146 551 1184 fra
572 1160 697 1201 segm.
725 1158 814 1202 129.
844 1142 1047 1202 ἐδιῄτησεν
1066 1156 1142 1195 est,
1175 1146 1340 1201 duplici
1361 1123 1615 1203 a6gmento:

171 1203 372 1243 nimirum
391 1211 616 1256 utrumque
641 1203 686 1241 in
707 1217 800 1243 usu.
857 1209 961 1242 Imm.

282 1267 497 1326 διῄτησεν]
543 1270 760 1310 Αυκὶωιιο
800 1269 898 1310 heic
926 1270 1136 1311 Pollucem
1167 1279 1354 1310 nostrum
1386 1285 1409 1311 e
1437 1269 1619 1323 Iunger-

172 1329 320 1368 manni
338 1326 431 1369 MS.
449 1325 650 1380 vocibus,
681 1330 822 1381 δεδιῃτ.
843 1326 1034 1384 κατεδιῄτ.
1066 1335 1166 1381 post
1183 1340 1286 1382 quas
1307 1329 1437 1382 vulgo
1470 1301 1619 1369 ἀποδε-

171 1384 406 1445 διῃτημένον
427 1391 528 1425 erat.

287 1449 340 1500 ὦς
360 1451 548 1504 Λυσίας]
579 1450 673 1493 MS.
696 1451 848 1492 iterum
870 1453 1061 1493 auctior:
1093 1469 1148 1502 ως
1163 1453 1319 1502 Λυσίας
1339 1452 1403 1495 ἐπὶ
1420 1467 1491 1495 του
1510 1449 1619 1494 ἑλόν-

172 1526 239 1559 τος
272 1509 313 1552 ἐν
334 1513 386 1563 τῇ
406 1509 547 1563 διαίτῃ.
578 1508 639 1547 sic
667 1508 812 1563 itaque
843 1512 995 1563 supple
1023 1511 1253 1578 vulgatum.
1314 1509 1410 1549 Hoc
1436 1507 1545 1550 idem
1578 1518 1621 1548 et

173 1568 324 1607 Noster
352 1564 507 1618 repetit
535 1577 784 1630 segm.129
818 1563 1244 1620 καταδιαιτησάμενος,
1286 1564 1456 1614 dicens,
1495 1565 1622 1607 οἱονεὶ

173 1623 217 1665 ἐν
241 1624 369 1676 διαίτῃ
398 1619 613 1676 κρατήσας.
669 1621 839 1663 Titulus
869 1636 1049 1678 sequens
1074 1636 1268 1676 prorsum
1295 1635 1387 1661 cum
1404 1636 1455 1662 eo
1477 1621 1552 1677 qui
1574 1622 1620 1660 in

174 1678 274 1721 MS.
298 1688 361 1719 est
380 1678 598 1719 convenit.
655 1682 759 1718 Imm.

289 1763 342 1796 ως
361 1746 554 1799 Λυσίας.]
583 1747 744 1786 Deerat
773 1747 818 1786 in
839 1746 1022 1801 vulgatis
1043 1745 1192 1785 titulus
1215 1745 1437 1786 Orationis
1452 1778 1464 1796 ‚
1498 1760 1622 1800 quem

176 1802 435 1858 postliminii
459 1803 549 1842 iure
580 1803 749 1842 Polluci
773 1812 917 1842 nostro
939 1817 990 1841 ex
1012 1804 1313 1855 Iungermanm'
1330 1803 1424 1844 MS.
1447 1803 1518 1842 cui
1539 1803 1621 1843 Co-

177 1860 262 1900 dex
280 1859 609 1912 Falckenburgii
627 1859 853 1906 consentit,
885 1858 1158 1901 reddidimus.

871 1928 941 1971 65.

288 1985 368 2025 τῶν
395 1983 486 2039 περὶ
512 1981 653 2039 αὐτὰ]
695 1982 742 2025 C.
767 1982 819 2024 A.
853 1983 949 2038 περὶ
978 1978 1111 2026 αὐταῖν
1141 2000 1183 2027 π.
1216 2000 1259 2026 π.
1291 1984 1361 2028 καὶ
1386 1985 1624 2041 κατηγορίας

177 2048 257 2080 etc.
317 2046 465 2080 Kumm.

291 2104 425 2163 δόρυ]
465 2107 563 2148 Vid.
593 2108 852 2159 Harpocrat.
887 2107 931 2146 in
974 2107 1194 2163 ἐπενεγκεῖν
1233 2106 1334 2164 δόρυ
1373 2117 1450 2150 etc.
1499 2122 1622 2162 quem

178 2162 335 2202 Suidas
372 2163 619 2216 exscripsit.
668 2163 713 2202 in
753 2164 900 2217 primis
934 2163 1181 2205 Orationem
1219 2165 1436 2206 Demosth.
1474 2173 1623 2205 contra

179 2220 391 2288 Euergum
409 2231 452 2259 et
476 2220 765 2263 Mnesibulum.
822 2227 968 2260 Knmm

289 2273 414 2343 δόρυ]
449 2274 522 2317 Sic
551 2275 664 2330 apud
694 2277 907 2318 Demoseh.
941 2276 988 2316 in
1018 2291 1066 2317 ea
1096 2274 1387 2333 καταΕὖέργου
1412 2277 1478 2320 καὶ
1506 2282 1624 2331 Μνη·

182 2329 397 2386 σιβουλου,
429 2331 504 2371 ubi
525 2331 670 2371 nutrix
690 2332 933 2384 cuiusdam,
971 2334 1031 2373 ita
1055 2348 1077 2373 a
1104 2334 1354 2386 Theoplzemo
1388 2343 1430 2374 et
1457 2335 1623 2387 Euergo

183 2387 428 2429 verberibus
461 2387 663 2438 afficitur,
701 2399 749 2428 ut
783 2399 904 2429 sexto
938 2388 1007 2430 die
1035 2399 1134 2444 post
1162 2400 1404 2432 moreretur.
1444 2392 1626 2461 ἐξηγηταὶ

183 2444 328 2498 itaque
348 2445 438 2486 eius
461 2444 632 2485 domino
660 2448 885 2485 consulunt
913 2463 1074 2502 πρωτον
1102 2446 1171 2500 μὲν
1200 2447 1424 2503 ἐπενεγκεῖν
1441 2446 1539 2503 δόρυ
1561 2448 1625 2490 ἐπὶ

182 2504 232 2556 τῇ
248 2501 428 2559 ἐκφορᾷ,
461 2511 538 2542 etc.
569 2500 722 2556 ἐκφορά
752 2502 853 2542 alias
883 2503 1102 2557 proprium
1124 2503 1376 2543 vocabulum
1394 2505 1456 2547 ἐπὶ
1472 2508 1625 2559 νεκρῶν

182 2571 306 2612 supra
328 2558 477 2614 111.94
499 2567 540 2598 et
565 2570 654 2599 102.
685 2568 726 2598 et
754 2559 862 2597 infra
889 2558 1296 2614 segm.146.1tmo

293 2612 392 2671 δόρυ
421 2615 531 2669 ete.]
578 2614 735 2656 Eadem
768 2615 912 2669 ferme,
944 2629 1051 2671 quae
1092 2618 1389 2669 Harpa-tatio,
1428 2617 1556 2658 habet
1583 2626 1625 2657 et
