1696 3028
663 112 763 156 VII.
820 117 861 159 9
1402 118 1497 160 227

30 229 116 270 iam
144 226 335 271 exhibet.
380 226 631 302 Corruptus
662 227 895 269 etiamnum
923 236 988 269 est
1008 236 1051 270 et
1068 228 1335 299 Hesychius
1321 243 1366 269 ιιι
1388 243 1496 271 voce

24 283 200 338 Ῥωπος,
231 284 294 326 ait
321 285 460 328 enim:
492 284 670 335 Ῥωπὸς.
711 283 912 337 ῥωπικόν,
951 283 1041 328 ἀντὶ
1069 290 1144 330 τοῦ
1178 282 1345 336 υυδενός
1365 285 1495 342 αξιος,

29 341 57 394 ὅ
76 340 161 399 γὰρ
187 340 326 393 λεπτὸς
345 345 483 396 ῥ’ὦπσς
499 340 632 399 ἤγουν
649 338 672 386 ὅ
694 340 858 397 φόρτος,
887 344 1074 398 μίγματα,
1103 340 1286 398 χρώματα
1312 353 1393 386 etc.
1414 359 1493 399 pro

29 399 188 468 quibu?
215 400 375 440 amicus
418 399 590 470 quidam
622 413 739 439 meus
767 414 834 439 me
845 399 1090 469 legendum
1119 399 1291 442 docuit·
1319 396 1499 471 Ῥωπὸς,

28 454 219 527 ὀωπικός,
258 452 346 500 ἀντὶ
374 462 451 500 τοῦ
481 452 647 507 ου’δενός
677 453 804 507 ἄξιος.
835 453 857 499 ὅ
883 456 960 511 γὰρ
987 457 1125 509 ῥῶπος
1151 455 1294 508 λεπτὸς
1321 455 1488 514 φόρτος,

26 510 158 569 ἤγουν
186 514 373 570 μίγματα,
402 510 588 569 χρώματα
616 523 695 555 etc.
754 513 952 554 Ceterum
970 514 1332 568 Falekenburgius
1363 514 1491 559 habet

28 572 165 628 ῥῶπος
182 571 330 628 yssym,
361 586 541 629 quorum
563 571 686 627 ptius
705 569 905 625 probum,
935 572 1115 611 alterum
1135 583 1226 612 non
1247 571 1364 616 item.

138 685 303 741 πρᾶσις]
332 679 433 728 MS.
457 682 615 739 πρασις.
643 690 756 726 que.

138 741 353 815 καπηλικὴ,
383 739 519 797 ἇποκ.]
552 743 603 784 C.
627 742 680 782 A.
712 740 879 783 sublata
906 739 1190 783 distinctione
1221 742 1381 800 iungit,
1418 762 1490 790 κα.

24 799 174 857 πηλικῆ
195 797 454 856 ἆποιιήρυξις.
481 807 631 840 sznu.

138 867 361 926 μεταβολὴ]
391 870 530 910 Deest
555 863 754 924 μεταβολὴ
778 866 826 907 ἰιι
848 866 942 908 MS·
973 874 1018 908 et
1036 862 1241 917 ἀπόδοσις.
1270 874 1374 911 Imm.

138 925 446 981 μεταβολητικὴ]
478 925 525 966 C.
549 926 601 966 A.
630 921 907 993 μεταβλητική,
934 922 1162 977 ἒμπωληκῆ,
1200 923 1379 980 πώλησις
1404 937 1486 972 etc.

26 982 154 1027 MSS.
193 985 377 1028 Salmas,
422 983 549 1023 etiam
581 978 859 1053 μεταβλητική.
925 983 1062 1020 Plato
1103 981 1154 1022 in
1185 983 1385 1036 Sophista
1412 1003 1488 1037 την

26 1037 301 1095 ἆγοραστικὴν
332 1039 533 1080 dividit·
520 1055 567 1079 ιιι
598 1034 876 1092 αὗτοπωλικήν
904 1046 948 1079 et
969 1038 1272 1094 μεταβλητικήν,
1304 1055 1412 1097 quae
1433 1043 1485 1083 ab

26 1098 126 1138 aliis
151 1097 379 1152 opificibus
402 1097 516 1136 facta
535 1096 638 1137 emit
656 1095 896 1166 venditque
919 1095 1029 1137 aliis.
1059 1102 1209 1137 Kumm.

137 1152 451 1210 μεταβολητικὴ]
491 1154 572 1194 Pro
608 1150 895 1208 μεταβολητικη
928 1151 1024 1194 MS·
1055 1151 1185 1195 habet
1212 1153 1484 1211 μεταβλητική.

29 1211 145 1266 quod
179 1215 250 1252 vel
277 1220 450 1266 propter
467 1211 734 1250 Aristotelem
761 1210 1030 1265 recipiamus,
1070 1225 1094 1252 e
1125 1225 1212 1266 quo
1234 1210 1282 1251 id
1305 1212 1486 1253 vocabu-

25 1271 114 1309 lum
141 1267 373 1324 aliquoties
391 1266 773 1309 observant.11m‹;.

138 1333 436 1393 μεταβολητικὴ]
461 1334 725 1405 μεταβλητικὴ
738 1336 911 1391 reposui
937 1348 1015 1391 pro
1033 1335 1167 1391 prior
1184 1335 1485 1395 μεταβολητική.

134 1393 320 1450 ἔμπωλή]
352 1391 517 1447 έμπολη.
546 1399 630 1435 San.

137 1460 298 1534 ἕμπωλη
305 1463 332 1515 .]
363 1462 443 1501 Pro
462 1458 619 1515 ἐμπωλή
641 1463 806 1500 mallem
826 1463 966 1516 legere
984 1458 1152 1534 ἒμποηλή
1161 1462 1228 1501 uti
1248 1464 1486 1517 Hesychius

26 1520 248 1589 agnoscit:
273 1517 475 1574 Ἐμπολή,
506 1519 658 1575 κέρδος,
686 1519 727 1561 οἰ
755 1518 799 1561 δὲ
824 1517 872 1560 τὰ
899 1514 1089 1574 φορτίαῆ
1107 1516 1182 1573 τὴν
1201 1516 1401 1577 ἀργυρέην
1418 1519 1485 1565 οἷλ-

23 1575 165 1634 λαγήν.

140 1643 375 1714 Ξενοφῶν.]
406 1644 478 1684 Sic
499 1654 542 1686 et
564 1658 690 1698 supra
709 1658 782 1694 ιιι,
819 1639 909 1683 124.
938 1646 1042 1682 Iunc.

137 1698 399 1755 ἀποδέδοται]
433 1702 482 1746 C
506 1702 557 1743 A.
572 1704 640 1744 καὶ
660 1717 802 1743 κεκαπ.
832 1700 1051 1754 πραθέντα,
1087 1715 1124 1742 κ.
1143 1699 1338 1756 πέπραται
1358 1703 1486 1760 λέγοις

25 1755 91 1800 αν.
151 1757 323 1802 Πλάτων
352 1759 394 1801 δὲ
422 1777 490 1802 και
521 1759 758 1812 πωληθέντα
787 1761 977 1799 πωλοῦσι.
1006 1755 1128 1798 πάλιν
1162 1760 1205 1800 οἷ
1219 1757 1391 1813 κάπηλοι
1413 1761 1485 1801 ad-

27 1813 211 1856 dendum
233 1831 290 1857 ex
311 1817 506 1858 Platone.
526 1831 621 1855 nam
642 1815 703 1854 ibi
733 1815 858 1854 docet
890 1813 1066 1882 quinam
1095 1813 1294 1856 dicantur
1315 1818 1486 1859 Graecis

25 1869 212 1926 κάπηλοι.
243 1881 388 1927 postea
418 1873 557 1928 pergit
578 1872 690 1913 idem
714 1870 881 1913 Codex·
913 1867 1035 1922 ἀξίως
1059 1870 1324 1928 πιπράσκεται
1361 1874 1409 1919 τοὶ
1439 1893 1484 1920 ευ

25 1945 62 1971 κ.
83 1933 119 1972 λ.
137 1930 244 1972 ἕπευ
274 1935 422 1968 Kumm.

136 1987 204 2028 καὶ
219 1986 420 2041 μεταβέβλ.
424 1990 440 2034 ]
468 1987 520 2025 In
540 1984 633 2027 MS.
655 1984 808 2026 desunt
827 1986 891 2029 και
911 1986 1112 2041 μεταβέβλ.
1143 1992 1256 2030 Imm.

138 2072 206 2098 και
223 2054 383 2107 mnam]
415 2055 497 2093 Pto
518 2054 584 2095 καὶ
600 2052 899 2107 κεκαπηλευται,
930 2054 1028 2094 MS.
1050 2054 1251 2096 mendose
1274 2056 1340 2098 και
1353 2074 1485 2112 καπη-

24 2117 173 2158 λευται.
203 2121 246 2153 et
266 2120 413 2166 postea
433 2109 582 2150 ordine
604 2112 711 2151 alio:
740 2129 787 2153 τα
806 2128 873 2166 πρ.
893 2112 961 2153 καὶ
983 2128 1099 2158 πεπρ.
1132 2113 1262 2168 λέγοις
1288 2111 1351 2156 α’ν,
1380 2120 1484 2155 Iuno.

138 2169 206 2212 καὶ
223 2167 491 2222 έμπέπραται.]
522 2167 588 2208 και
607 2169 845 2221 έμπέπραται
867 2178 944 2211 etc.
978 2173 1170 2211 πωλοῦσι.
1200 2183 1293 2209 cum
1330 2170 1484 2212 mediis

26 2225 211 2268 desunt
199 2240 244 2265 m
268 2225 358 2267 MS.
381 2224 572 2277 exceptis
595 2222 661 2263 his
684 2239 790 2279 quae
808 2224 899 2267 MS
933 2224 1062 2264 habet
1089 2228 1325 2278 πωληθέντα
1351 2228 1393 2270 δὲ
1419 2229 1486 2270 καὶ

25 2288 230 2326 πωλοῦσιν
251 2278 426 2324 Πλατων
449 2279 574 2323 εἶπεν.
631 2282 776 2321 Locus
798 2284 1001 2320 Platonis
1030 2282 1075 2320 in
1098 2284 1282 2323 Politico
1315 2285 1419 2323 alias
1441 2294 1484 2324 et

27 2340 158 2381 hodie
186 2340 245 2378 ita
274 2339 446 2394 legitur
477 2347 526 2376 ut
554 2336 626 2376 hic
654 2341 808 2406 vulgo.
859 2338 1026 2378 Totus·
1014 2352 1050 2378 1s
1073 2347 1148 2379 est.
1180 2341 1261 2391 καί,
1292 2340 1353 2380 ait
1372 2342 1481 2380 Hos-

27 2411 117 2466 peS,
147 2413 218 2450 μοι
237 2399 350 2439 δοκεῖ
367 2399 415 2452 τῇ
433 2396 546 2452 δέπῃ.
575 2392 758 2448 καθαπερ
780 2390 808 2448 ἦ
835 2400 915 2438 τῶν
940 2393 1133 2448 καπήλων
1163 2397 1275 2470 τέχνη
1307 2402 1377 2449 τῆς
1402 2401 1482 2438 τῶν

28 2450 275 2495 αυτοπωλων
294 2452 498 2507 διώρισται
526 2451 675 2522 τέχνης.
706 2452 774 2493 καὶ
803 2450 846 2493 τὸ
866 2452 1075 2507 βασιλικὸν
1103 2453 1218 2509 γένος
1247 2455 1378 2495 ἔοικεν
1401 2451 1481 2496 aad

27 2514 100 2552 τοῦ
122 2526 202 2551 των
227 2508 415 2564 κηρύκων
446 2510 588 2578 γένους
615 2506 865 2578 αφωρίσθαι.
894 2510 1104 2550 Socrates.
1126 2515 1258 2578 Πῶς;
1289 2510 1479 2562 Hospes.

29 2566 279 2619 Πωληθέντα
297 2584 377 2609 που
395 2563 591 2619 πρότερον
614 2567 709 2621 ἔργα
737 2563 920 2622 ἀλλότρια
939 2562 1263 2623 παραδεχόμενοι,
1293 2564 1481 2622 δεύτερον

26 2628 209 2676 πωλοῦσι
225 2620 344 2667 πάλιν
364 2641 404 2668 οι
393 2620 593 2678 ’κάπηλοι
610 2631 690 2665 etc.
721 2629 822 2663 Itmc..
846 2638 849 2640 “

1119 2679 1211 2725 Ρ2
