1696 3028
709 108 784 150 VI.
843 112 911 153 96.
1474 114 1552 153 121

77 221 312 276 λισκόντων,
345 223 419 274 οὓς
437 221 912 281 lamonitas-(helluones,
943 226 1155 274 lurcones,
1186 224 1394 280 gurgites,
1425 239 1554 265 vora-

79 295 161 334 ces,
194 282 373 334 Daue.)
392 286 601 337 καλοῦμεν.
625 282 780 332 κύλικες
799 280 840 324 δ’
864 282 969 335 ἦσαν
996 277 1174 337 μεγάλαι.
1208 282 1360 322 Athen.
1380 297 1443 323 xr.
1474 283 1553 322 fol.

0 348 2 353 ’
76 337 176 381 485.
206 337 372 381 Eodem
402 340 514 380 libro
549 339 677 379 etiam
709 338 761 379 de
784 340 963 379 caeteris
984 341 1239 393 poculorum
1265 337 1491 394 speciebus
1513 350 1556 379 et

80 395 234 438 ordine
255 395 428 451 quidem
450 396 727 452 alphabetico
747 396 1002 452 explicatur.
1035 396 1137 438 sm.

192 451 345 509 φιάλην
362 453 580 511 λεπαστὴν]
611 455 660 494 Si
687 452 840 509 φιάλην
869 453 1098 509 repetitum
1121 467 1210 494 non
1232 468 1254 494 a
1277 451 1455 495 libratio
1477 462 1552 500 est,

80 510 247 552 dictum
273 522 339 554 cst
369 511 520 554 eodem
548 511 694 562 modo,
725 513 793 552 uti
825 512 877 551 nb
899 510 1193 564 Aristophane
1212 511 1259 551 in
1283 511 1392 551 Pace
1412 509 1556 553 κύλικα

78 565 303 623 λεπαστήνε
336 569 608 625 apudAthen.
627 569 704 610 lib.
734 585 796 612 xv.
821 568 937 624 apud
967 583 1090 625 quem
1123 577 1263 609 tamen
1295 568 1341 608 in
1375 565 1554 609 caeteris

81 628 265 683 aliquam
291 628 440 668 multis
463 627 670 680 exemplis
694 630 842 668 saltem
863 623 1036 680 λεπαστὴ
1068 624 1154 666 hoc
1183 627 1388 680 poculum
1414 626 1555 674 nomi-

79 694 222 735 natur,
251 693 302 725 ut
319 694 362 727 et
377 700 420 732 x,
454 686 519 741 75.
550 683 639 726 vid.
672 694 715 726 et
735 686 784 737 Q.
808 686 919 738 Sept.
937 685 1052 726 Flor.
1085 682 1140 723 ad
1169 682 1345 725 eandem
1370 682 1555 741 Εἰρήνην

81 739 261 794 Comici,
287 741 364 783 ubi
387 742 464 792 ait,

193 797 340 856 φήσεις
361 799 524 844 ἐπειδᾶν
544 800 687 860 ἐκπίῃς
710 799 828 843 οἴνου
847 798 944 842 νέου
960 794 1171 852 λεπαστήν.
1201 797 1332 840 Imm.

190 855 387 914 ἡμίτομα]
415 856 620 914 ἦμίστομα
638 856 969 909 Falckenburgic‘
979 855 1074 898 MS.
1092 854 1167 896 sed
1184 857 1404 909 vulgatum
1426 863 1555 897 tuen-

79 923 152 955 tur
169 915 422 967 Athenaeus,
454 916 707 971 Hesychiusg
746 923 791 955 et
809 914 1093 954 Phamrinus.
1119 911 1221 954 dein
1252 911 1375 953 Edit.
1406 914 1553 958 Bas-il.

82 974 188 1014 male
205 971 376 1029 legebat
395 972 647 1029 χακώστομα.

198 1089 468 1146 Θηρίκλειον]
509 1089 660 1133 Athen.
701 1102 764 1129 xx.
799 1088 878 1127 fol.
906 1085 1002 1139 470,
1041 1101 1065 1127 a
1100 1089 1307 1142 Θηρικλῆς
1338 1084 1448 1128 ibid.
1477 1086 1553 1127 fol.

82 1159 170 1202 seq.
191 1146 305 1187 sicut
322 1146 374 1188 ab
388 1143 596 1202 ‘Hoanh‘jg
606 1144 863 1203 “Ἠρα’κλειος.
887 1159 949 1198 pr.
973 1143 1040 1186 ed.
1060 1147 1291 1202 θηρίκλιον.
1323 1145 1421 1186 ΒΕΒ.

200 1206 456 1260 Θηρίκλειον]
487 1206 559 1246 De
583 1203 804 1246 thericleis
824 1205 956 1242 multa
988 1201 1104 1256 apud
1121 1205 1296 1244 multos.
1328 1202 1374 1241 in
1394 1201 1552 1256 quibus

83 1261 205 1305 Phil.
223 1262 462 1303 Beroaldus
485 1263 901 1303 Aunotamentorum
926 1273 1018 1313 cap.
1041 1261 1119 1302 ult.
1142 1269 1185 1300 et
1211 1261 1268 1300 L.
1297 1261 1481 1314 Bceyfius
1502 1259 1554 1300 de

82 1319 285 1369 vasculis,
297 1329 343 1361 et
357 1321 579 1374 ,Xylander
602 1320 648 1358 in
661 1317 962 1369 Plutarchum,
985 1326 1028 1356 et
1040 1315 1280 1357 doctissimi
1292 1327 1461 1358 nostrae
1482 1332 1555 1358 ae-

82 1377 232 1418 aetatis
253 1377 310 1418 B.
335 1376 572 1418 Vulcanius
593 1377 722 1418 Notis
752 1377 798 1416 in
825 1375 1082 1430 Agathinum,
1115 1384 1160 1414 et
1195 1374 1467 1415 casaubonus
1489 1391 1554 1415 XI.

81 1434 231 1479 Athen.
251 1433 294 1477 5.
322 1435 453 1477 Iuno.
713 1442 719 1450 '

191 1488 486 1550 Ἀντιγονίδας]
504 1492 630 1548 Lego
643 1489 908 1549 Ἀντιγονίδα.
932 1488 1107 1531 Scilicet
1118 1498 1167 1530 ut
1180 1491 1411 1534 Σελευκίδα.
1425 1490 1554 1529 Athe-

82 1551 181 1590 naec*
196 1550 272 1590 lib.
295 1565 358 1593 xx.
380 1551 667 1606 fragmentum
690 1548 805 1606 apud
828 1549 1145 1590 casaubonum.-
1174 1544 1401 1604 Ἀντιγονὶς
1427 1549 1555 1592 3an-

81 1626 138 1664 μοι
173 1605 254 1652 dud
283 1613 360 1651 τοῦ·
395 1608 592 1664 βασιλέως
614 1604 872 1665 Ἀντιγόνου,
918 1602 974 1657 ὦς
1008 1601 1091 1649 cino*
1118 1604 1326 1650 Σελεύκου
1359 1604 1557 1655 Σελευκὸς

83 1665 240 1723 (scribe
269 1667 475 1718 Σελευκὶς)
516 1667 587 1709 καὶ
621 1661 702 1709 dud
735 1665 950 1722 Προυσίου
992 1665 1189 1715 Προυσίς.
1233 1665 1407 1703 Polemo
1439 1662 1555 1718 apud

83 1723 350 1766 Athenaeum
378 1724 477 1779 ipso
501 1723 581 1765 lib.
614 1739 681 1764 xv.
711 1724 904 1774 Σελευκὶς
924 1719 1113 1772 ““Ροδιάς,
1150 1717 1397 1777 Ἀντιγονίς.
1428 1722 1553 1764 clem.

83 1781 296 1825 Alexand.
324 1795 496 1838 quoque
514 1781 711 1822 meminit
738 1781 891 1822 talium
918 1797 974 1821 ιι.
994 1778 1178 1836 Paedag.
1205 1777 1243 1822 5.
1275 1781 1446 1836 ἕρῥέτων
1476 1782 1555 1822 τοί·

84 1856 161 1883 νυν
186 1840 418 1895 Θηρίκλειοί
434 1856 539 1890 τινες
554 1837 730 1892 κύλικες,
758 1835 1122 1895 καὶ’Λντιγονίδες.
1148 1837 1278 1880 Iuno.

196 1894 364 1953 ἦδυπότ.
383 1900 429 1941 αἱ
448 1895 553 1941 Ῥόδ.
586 1897 692 1953 etc.]
723 1898 984 1948 Athenaeus,
1015 1895 1092 1950 qui
1123 1894 1267 1935 omnia
1301 1894 1385 1936 ista
1414 1909 1555 1950 pocu-

84 1958 224 1996 lorum
263 1969 416 2011 genera
447 1956 728 2010 pertractavit
759 1958 843 2011 leg.
874 1952 1119 2010 ἦδυποτίδες
1145 1966 1169 1993 a
1202 1961 1318 1994 recto
1346 1951 1556 2007 ἧδυποτὶς,

85 2027 244 2068 easque
262 2026 284 2052 a
299 2011 487 2052 Rhodiis
505 2011 701 2054 inventas
721 2013 783 2053 ait
799 2023 848 2052 ut
870 2010 1203 2055 Atheniensium
1230 2010 1459 2053 Thericleis
1479 2027 1556 2067 op-

84 2080 368 2126 ponerentur:
396 2069 474 2112 lib.
494 2085 557 2111 xr.
579 2085 669 2124 cap.
689 2070 727 2113 5.
758 2071 935 2114 I‘imfflu.

196 2124 369 2183 ἡδυπότ.
399 2129 444 2170 αἱ
456 2123 566 2172 Ῥόδ.
605 2128 703 2182 etc.]
734 2128 808 2169 Sic
838 2129 923 2169 ista
953 2127 1146 2170 restituit
1172 2126 1348 2168 doctiss.
1382 2126 1557 2166 Cas-au-

86 2186 220 2227 honus
246 2202 298 2228 u.
329 2185 477 2229 Athen.
514 2186 556 2228 5.
595 2198 727 2240 quum
758 2195 883 2228 antea
911 2194 1150 2227 monstrose
1179 2184 1251 2225 hic
1277 2194 1400 2235 esset,
1429 2182 1553 2238 ἡδυπ.

87 2241 312 2301 ἐβρώμιοι,
352 2243 492 2294 δονοὶ,
535 2240 666 2297 ῥ’ύται,
704 2257 766 2286 σκ.
794 2243 963 2284 utinam
998 2258 1078 2284 nos
1112 2243 1185 2283 hic
1219 2243 1316 2284 MS.
1354 2253 1553 2283 servaret.

86 2302 262 2356 Licebit.
282 2312 438 2347 tamen,
464 2314 604 2356 spero,
622 2301 990 2354 suspiciunculam
1012 2316 1146 2342 meam
1160 2299 1341 2353 adferre,
1362 2299 1555 2354 putidam

87 2361 298 2418 quamvis.
360 2357 480 2414 Quid
499 2358 613 2399 enim
643 2357 760 2398 aliud
788 2368 888 2413 post
913 2359 1212 2399 Casaubonum
1230 2358 1340 2397 mihi
1361 2371 1440 2413 ego
1463 2371 1556 2410 spe-

88 2417 208 2460 rem?
239 2427 448 2473 putarem,
481 2416 673 2471 inquam,
705 2417 819 2456 forte
848 2415 960 2456 illud
991 2414 1206 2460 αἱ““Ρόδιαι
1233 2431 1256 2455 a
1276 2416 1453 2454 Polluce
1484 2413 1556 2454 hic

90 2491 178 2516 non
200 2475 407 2524 additum,
439 2473 544 2514 licet
566 2470 682 2513 istud
707 2474 852 2527 poculi
874 2473 1246 2530 genusaRhodiis
1269 2470 1556 2512 aemulatione

89 2533 408 2574 Thericleorum
444 2532 602 2573 factum
636 2529 777 2574 sciam.
811 2542 856 2572 et.
888 2545 965 2585 pro
991 2527 1203 2588 ἆβρώμιοι,
1233 2533 1294 2570 II.
1318 2529 1558 2581 Stephanus

92 2590 263 2645 quidem
293 2587 482 2646 ἀβρὸμιοι
500 2587 750 2641 adscripsit3
782 2588 896 2644 quod
909 2590 1059 2644 poculi
1087 2602 1219 2644 genus
1239 2587 1416 2627 nescio.·
1459 2588 1556 2642 Ego

71 2651 255 2692 'mallem
279 2648 454 2706 βρόμιοι,
484 2662 506 2687 a
529 2645 693 2687 bromio
715 2647 902 2691 Baccho,
921 2647 1038 2702 quod
1059 2646 1214 2701 ipsum,
1246 2644 1439 2700 quamvis
1452 2658 1556 2700 quo·
