1664 3016
115 119 200 161 782
703 111 828 152 VIII.
885 115 979 156 118.

115 233 220 272 sias.
254 237 436 270 ceterum
466 226 572 267 haee
597 224 726 266 verba
757 239 779 264 a
811 224 1086 264 Demosthene
1115 233 1252 264 sumta
1273 238 1365 266 esse
1397 226 1572 265 Polluci

116 303 170 330 ex
194 285 309 328 Orat.
342 293 489 323 contra
510 285 719 337 Evergum
734 291 778 322 et
798 282 1085 321 Mnesibulum
1114 290 1228 322 recte
1257 291 1381 322 notat
1401 284 1572 321 Peticus

116 342 162 383 in
183 345 232 384 L.
263 343 314 381 L.
357 340 545 381 Atticas.
584 339 712 380 verba
740 339 1030 378 Demosthenis
1058 337 1119 377 ita
1149 351 1192 378 se
1221 337 1402 379 habent:
1432 339 1502 382 καὶ
1529 340 1573 381 ἐν

116 401 171 454 τῷ
190 398 296 453 ὅρκῳ
323 400 554 450 διορίζεται,
586 395 650 439 ὅτι
671 393 888 448 προσήκων
909 395 975 450 (ut
999 393 1104 435 bene
1127 394 1237 449 legit
1256 396 1444 445 Potitus)
1470 397 1571 446 ἐστι’,

115 456 191 511 κᾷν
207 456 366 506 οἰκέτης
385 453 424 513 ᾖ,
450 453 602 498 τούτων
619 451 692 503 τὰς
709 450 949 507 ἐπισκήψεις
969 452 1088 495 εἶναι·
1121 464 1228 506 quae
1250 451 1312 491 ita
1331 452 1462 493 vertit
1481 454 1572 492 lau·

118 514 242 553 datus
273 513 367 552 vir:
412 520 453 550 et
484 510 754 550 iureiurando
788 511 1054 561 affirmatur,
1099 508 1212 562 quod
1247 510 1305 547 sit
1340 517 1548 563 cognatus
1559 525 1573 560 3

118 569 233 625 quod
250 571 290 609 οἱ
301 571 361 608 sit
380 585 400 608 e
418 570 559 615 servis,
590 582 729 606 eorum
749 576 812 606 est
827 566 994 605 caedem
1010 566 1206 618 persequi.
1222 573 1264 605 et
1275 566 1573 605 Demosthenis

116 635 299 667 mentem
329 628 425 666 vult
453 638 543 665 esse
574 623 686 665 inter
717 624 821 674 alia,
855 623 968 676 quod
997 624 1279 662 Dominarum
1305 625 1376 674 sit,
1407 623 1573 663 caedem

115 697 326 723 seruorum
340 684 551 736 persequi:
595 680 777 736 ideoque
797 680 842 720 in
864 679 1142 720 Demosthene
1163 676 1392 732 legendum
1413 687 1570 729 censet,

116 740 191 796 κᾷν
207 742 364 791 οἰκέτης
390 738 433 798 ᾖ,
460 735 666 782 δεσποτῶν
693 756 728 781 τ.
759 739 790 781 ἒ.
821 752 853 780 ε.
887 751 1020 792 aeque
1046 751 1094 776 ac
1122 734 1167 774 in
1190 736 1382 783 Polluce,
1412 734 1492 791 κᾷν
1513 737 1573 778 οἰ-

115 799 234 850 κέτης
258 796 288 856 ᾖ
319 794 518 848 δεσπότης
549 792 808 846 ἐπισκήπτει,
850 796 921 838 καὶ
953 789 1267 848 συγκεχώρηται,
1323 792 1444 833 Haec
1474 792 1571 832 ille:

116 855 188 896 sed
220 854 326 894 mihi
358 852 475 892 nihil
506 851 676 893 videtur
700 855 768 893 vel
803 851 847 890 in
880 851 1173 890 Demosthenis
1199 851 1268 890 vel
1298 849 1343 889 in
1379 850 1573 889 Pollucis

119 911 355 952 Codicibus
394 908 687 950 innovandum
724 923 826 949 esse.
884 908 1078 963 Uterque
1111 906 1225 948 enim
1261 905 1411 954 docet.
1455 904 1572 961 quod

118 968 232 1009 actio
255 967 395 1008 caedis
417 966 554 1020 primo
580 965 789 1021 cognatis,
822 964 978 1005 deinde
999 967 1068 1006 vel
1092 964 1144 1004 de
1167 962 1300 1018 servis
1321 961 1474 1003 occisio
1505 960 1574 1002 de·

117 1035 188 1065 tur
212 1025 407 1081 legitimo
438 1022 658 1074 Domino3
687 1023 725 1062 si
753 1022 920 1062 scilicet
948 1022 1123 1077 cognati
1154 1022 1223 1061 vel
1242 1022 1370 1074 plane
1392 1033 1482 1059 non
1502 1016 1574 1058 ed-

116 1082 227 1133 sint,
261 1084 331 1122 vel
370 1079 633 1120 remissiores
671 1079 759 1119 sint
791 1079 835 1118 in
872 1077 998 1119 caede
1028 1075 1343 1133 persequenda,
1383 1085 1490 1116 tune
1506 1077 1574 1116 vel

116 1153 239 1180 servo
269 1151 389 1178 caeso
423 1145 591 1191 poterat
619 1138 713 1191 lege
744 1150 867 1191 agere
888 1135 1106 1175 Dominus
1134 1135 1179 1174 in
1202 1133 1295 1174 eius
1316 1133 1574 1174 interfecto·

118 1210 231 1237 rem:
264 1194 451 1248 ideoque
473 1191 519 1236 to*
537 1190 688 1237 τούτων
709 1192 824 1247 apud
845 1193 1112 1234 Demosthen.
1143 1189 1413 1231 referendum
1431 1187 1484 1229 ad
1505 1202 1574 1229 co-

117 1261 295 1309 gnatum
312 1260 355 1291 et
377 1263 558 1292 servum.
619 1249 791 1291 Certum
819 1248 1014 1304 equidem
1039 1258 1126 1299 est,
1169 1246 1286 1302 quod
1315 1261 1483 1288 servum
1507 1247 1576 1285 le-

149 1323 192 1349 es
217 1323 305 1348 non
326 1307 473 1347 sinant
493 1321 611 1348 orare
635 1320 801 1346 causam
824 1316 865 1346 et
888 1305 1181 1346 testimonium
1204 1303 1368 1353 dicere;
1397 1303 1470 1344 sed
1491 1301 1574 1342 hoe

119 1363 447 1420 intelligendum
476 1373 541 1403 est
572 1379 667 1403 cum
705 1361 885 1418 quadam
918 1361 1188 1414 exceptione.
1245 1361 1356 1401 Nam
1390 1373 1444 1400 ex
1465 1358 1574 1399 Ora-

117 1423 241 1464 tione
268 1423 305 1463 I.
333 1421 609 1475 Antiphontis
638 1429 820 1467 constat,
858 1419 975 1474 quod
996 1418 1215 1458 Dominus
1237 1418 1282 1456 in
1305 1426 1491 1458 extremo
1511 1417 1574 1456 vi-

118 1489 188 1521 tae
206 1478 442 1532 mortisque
476 1477 668 1517 confinio
698 1477 986 1525 constitutus,
1016 1475 1054 1516 si
1084 1489 1173 1515 non
1201 1473 1356 1516 habeat
1380 1486 1575 1528 praesen·

119 1546 184 1578 tes
208 1545 438 1591 cognatos,
468 1534 622 1589 quibus
658 1533 727 1574 cui
757 1533 1074 1574 interfectorem
1105 1530 1322 1581 indicare,
1353 1529 1575 1586 caedisque

118 1607 222 1635 suae
251 1606 419 1632 eausam
453 1590 657 1646 agendam
692 1588 987 1630 commendare
1021 1596 1171 1643 queat,
1200 1591 1271 1631 καὶ
1299 1588 1460 1636 οἰκέτας
1481 1585 1575 1637 τούς

118 1651 336 1707 σφετέρους
355 1649 640 1695 ἐπικαλοῦνται
663 1645 873 1705 μάρτυρας
895 1648 962 1689 καὶ
983 1647 1171 1698 δηλοῦσιν
1190 1641 1267 1700 ὑφ’
1287 1645 1346 1688 οἷν
1367 1642 1575 1688 ἀπόλλυν-

117 1727 208 1760 ται,
246 1709 376 1746 eciam
403 1720 496 1745 suos
523 1720 658 1744 servos
688 1714 811 1745 testes
839 1707 1023 1751 invocet,
1054 1705 1343 1757 significetque
1373 1716 1401 1740 a
1427 1702 1575 1755 quibus

117 1769 176 1807 sit
194 1763 461 1817 intersectas.
496 1761 612 1817 quod
643 1763 737 1802 sine
761 1760 894 1801 dubio
915 1761 1070 1800 frustra
1094 1760 1233 1811 fieret,
1266 1759 1351 1799 nisi
1372 1773 1494 1799 cervo
1515 1762 1573 1800 le·

118 1822 245 1879 gibus
266 1821 470 1875 permissa
491 1829 599 1860 esset
618 1818 856 1859 testimonii
880 1817 1015 1856 dictio
1035 1831 1175 1856 coram
1197 1815 1340 1857 iudice
1360 1815 1404 1855 in
1428 1816 1575 1870 primi·

119 1882 166 1920 in
198 1877 338 1919 caedis
372 1890 511 1916 causa.
570 1877 787 1917 Praeterea
819 1873 935 1929 quod
958 1874 1084 1913 etiam
1112 1888 1277 1913 causam
1297 1887 1415 1913 orare
1434 1871 1575 1918 caedis

118 1938 248 1978 liceat
278 1948 400 1975 servo
427 1935 555 1973 Plato
585 1934 631 1972 in
667 1934 718 1973 L.
755 1933 811 1974 L.
842 1930 919 1971 sub
949 1930 1074 1971 finem
1099 1931 1196 1970 libr.
1226 1931 1283 1971 ΙΙ.
1314 1929 1478 1970 indicat
1507 1928 1575 1969 his

119 1993 262 2034 verbis
277 2008 289 2032 ι
320 1989 440 2046 δούλῃ
461 2007 503 2032 τε
524 1991 591 2034 καὶ
621 1988 747 2044 δούλῳ
770 1988 839 2030 καὶ
856 1989 971 2031 παιδὶ
999 1985 1128 2040 φόνου
1150 1987 1276 2042 μόνον
1310 1988 1454 2038 ἐξέσιω
1471 2003 1571 2042 μαρ·

115 2051 254 2106 τυρεῒν
275 2049 344 2091 καὶ
360 2049 611 2099 συνηγορεῖν,
642 2047 822 2086 ancillae
860 2054 898 2085 et
916 2059 1032 2084 servo
1078 2054 1120 2085 et
1143 2059 1273 2096 puero
1301 2044 1439 2084 caedis
1464 2058 1576 2096 gra-

116 2110 185 2148 tia
207 2114 374 2145 tantum
390 2135 393 2137 Α
409 2105 540 2143 liceat
570 2106 721 2143 testari
741 2111 781 2142 et
798 2105 1084 2155 patrocinari.
1115 2102 1162 2141 in
1182 2101 1338 2157 quibus
1361 2115 1438 2155 pro
1459 2114 1574 2141 more

120 2178 199 2204 suo
229 2163 362 2201 Plato
394 2159 550 2200 alludit
589 2160 643 2199 ad
680 2161 735 2200 L.
774 2161 830 2200 L.
868 2161 1067 2211 Atticae,
1107 2168 1156 2198 ut
1188 2173 1293 2212 quas
1328 2160 1460 2207 colet,
1497 2156 1574 2196 ubi

117 2221 228 2261 bene
250 2233 295 2259 se
320 2215 505 2265 habent,
537 2218 793 2271 simplicitet
824 2230 920 2256 suas
950 2217 1113 2266 facere,
1141 2215 1219 2254 ubi
1246 2229 1349 2256 vero
1374 2213 1575 2254 videntur

119 2277 323 2325 deficere,.
353 2276 549 2327 supplere
569 2283 612 2314 et
634 2273 867 2315 emendare.
929 2273 1003 2312 Ex
1027 2273 1094 2312 his
1114 2272 1278 2329 liquere
1299 2279 1424 2326 puto,
1458 2269 1575 2325 quod

116 2334 171 2375 L.
202 2334 255 2374 L.
284 2332 461 2372 Atticae
498 2329 746 2371 admiserint
775 2332 901 2371 etiam
935 2344 1080 2370 servos
1121 2329 1166 2368 in
1197 2327 1337 2369 caedis
1369 2340 1493 2366 causa
1522 2325 1575 2365 ad

118 2391 332 2431 actionem
354 2397 399 2427 et
424 2387 662 2428 testimonii
686 2387 943 2433 dictionem,
975 2387 1011 2426 si
1033 2386 1200 2426 scilicet
1221 2383 1429 2425 ordinarii
1447 2393 1574 2424 testes

118 2446 398 2500 vindicesque
420 2443 670 2485 defuissent.
730 2445 836 2485 Cum
862 2444 994 2499 igitur
1016 2445 1168 2482 Pollux
1185 2440 1294 2481 dicit
1310 2439 1472 2496 γραφάς
1503 2437 1575 2493 φό-

117 2521 191 2547 νου
223 2513 303 2543 etc.
334 2501 428 2553 ἐξῆν
457 2503 513 2556 τῷ
536 2502 764 2556 βουλομένῳ
786 2498 1034 2557 γράφεσθαι,
1060 2514 1189 2554 segm.
1221 2497 1291 2541 41.
1322 2498 1451 2537 latius
1473 2505 1576 2536 sunt

118 2558 394 2614 accipienda,
450 2572 539 2600 non
580 2557 632 2601 de
681 2559 786 2600 solis
842 2558 1035 2614 cognatis
1086 2570 1223 2612 usque
1268 2553 1321 2596 ad
1367 2553 1576 2596 sobxinos.

117 2618 303 2661 Kunnn.
