1664 3016
117 104 200 146 582
707 77 806 140 vn.
869 101 966 144 189.

118 227 330 268 exponere.
368 208 582 267 ὑποκριταὶ
609 211 798 266 pertinet
826 209 878 251 ad
909 211 1162 267 praecedens
1190 216 1334 267 τερῶν,
1362 212 1430 253 uti
1456 221 1578 268 patet

118 286 170 312 ex
196 271 246 313 C.
274 270 328 312 V.
359 268 424 308 sio
456 275 580 309 antea
613 265 832 322 ὀνειράτων
859 265 1083 324 ὑποκριταί.
1123 270 1304 324 Ηεεγοὴ.
1338 264 1574 325 ὗποκρινής,

116 325 251 383 μάντις
274 335 352 366 ete.
384 323 574 380 adeoque
591 338 678 365 non
701 325 924 366 simulator
943 326 1216 381 intelligitur,
1246 325 1319 367 sed
1340 327 1486 380 potius
1503 340 1576 367 vs·

116 384 334 432 ticinator,
369 380 444 437 qui
466 380 787 421 consultoribus
802 379 855 422 de
878 382 1103 435 portentis.
1135 382 1186 422 de
1207 382 1382 423 somniis
1400 396 1575 437 respon-

116 440 201 489 det,
228 436 509 495 ὖποκριθῆναι
532 437 646 478 enirn
670 436 806 478 eidem
831 438 1043 492 Hesychia
1059 441 1174 480 valet
1194 435 1485 496 ἅποκριθῆναι,
1515 453 1575 479 re·

117 495 320 550 spondere.
360 495 511 535 confer
539 497 577 534 T
573 495 726 534 homae
745 494 934 550 Eclogas
958 494 1004 534 in
1021 492 1303 551 «ὑποκρίνομαι.
1358 502 1503 536 Kum-

225 561 517 619 τερατεῦσθαι]
547 559 827 615 τερατεύεσθαι
846 577 940 603 cum
964 562 1158 603 Kuehnto
1173 573 1320 605 nostro
1340 561 1575 605 emendavi.

116 694 148 720 Β
167 617 553 733 οεξαιὲιὲατοτετὲζος]
592 618 690 662 vid.
718 620 801 661 lut.
830 620 947 662 Caes.
970 620 1194 675 Bulenger.
1214 620 1267 672 de
1285 619 1475 662 Theatro
1499 618 1575 662 lib.

224 743 556 801 θαυματοποιός]
587 742 679 786 MS.
702 743 1018 802 θαυματοποιοὶ,
1049 744 1220 800 plurali.
1275 750 1381 787 10⁸0.

226 811 557 870 θαυματοποιὸς]
590 815 754 854 Horum
770 813 997 868 praecipua
1018 814 1104 855 fuit
1122 828 1202 867 ars,
1235 811 1428 856 mirando
1449 814 1577 870 plane

115 870 245 913 modo
271 886 427 927 corpus
458 868 693 918 inflectere.
727 869 993 925 diversisque
1022 876 1228 926 λογισμοῖς
1249 869 1432 912 membra
1459 884 1578 910 com-

115 943 308 970 movere:
346 926 535 981 θαύματα
563 924 823 970 ἐπιδεικνύειν
855 936 943 966 tum
965 927 1231 980 dicebantur,
1261 925 1473 983 siquidem
1491 925 1578 966 hoe

114 984 289 1026 mobilis
323 983 498 1025 artificii
529 997 662 1039 genus
698 984 914 1036 omnium,
957 986 1119 1039 popelli
1152 985 1382 1040 praecipue
1408 983 1576 1025 animos

115 1039 398 1083 admiratione
418 1035 637 1095 defigebat.
658 1041 835 1094 Hesych.
857 1037 1059 1095 Θαύματα,
1074 1039 1102 1084 ἃ
1119 1044 1161 1084 οἰ
1178 1040 1477 1096 θαυματοποιοὶ
1496 1039 1578 1082 ἐπι-

115 1101 354 1142 δείκνυνται»
413 1094 598 1152 Elegans
622 1106 687 1137 est
703 1097 781 1136 hac
801 1095 853 1136 de
876 1111 934 1150 re,
968 1111 1090 1152 quem
1107 1113 1278 1152 ponam,
1318 1099 1435 1151 Tyria·
1455 1095 1576 1136 locus

115 1158 218 1200 διαλ.
238 1161 308 1198 ιθ·
338 1155 379 1197 οἰ
397 1151 445 1196 τὰ
469 1151 657 1206 θαύματα
687 1151 998 1208 ἐπιδεικνύμενοι
1020 1154 1260 1208 ἕκκλώμενοι
1284 1156 1351 1198 καὶ
1371 1149 1578 1209 στρεβλού-

114 1229 231 1269 μενοι
250 1210 298 1255 τὰ
321 1209 495 1264 σώματα.
553 1208 640 1252 Sed
671 1225 726 1250 ne
749 1209 855 1249 mihi
881 1210 1219 1267 θαυματουργοῦς
1246 1227 1341 1251 oum
1362 1218 1578 1264 θαυματο-

114 1275 248 1319 ποιοῖς
277 1266 545 1316 confundas,
575 1265 689 1322 quod
717 1267 873 1307 fecisse
897 1266 1101 1323 quosdam
1132 1267 1448 1308 animadverto:
1479 1263 1577 1306 nam

114 1325 420 1380 θαυματουργοὶ
490 1323 655 1377 roprie,
694 1325 778 1376 ‘qui
824 1338 947 1376 opera
983 1324 1241 1364 Mechanica
1289 1323 1577 1375 conficiebant,

116 1383 174 1423 ita
197 1381 304 1423 dicti
334 1378 402 1424 διὰ
427 1398 471 1424 το
499 1381 720 1434 ἔκπληκτον
747 1377 820 1434 τῆς
840 1383 1028 1436 θεωρίας.
1058 1380 1103 1420 in
1125 1380 1275 1436 primis
1303 1394 1404 1421 vero
1435 1379 1481 1419 id
1513 1389 1578 1419 est
1625 1390 1627 1393 ’

115 1435 448 1494 intelligendum
474 1433 527 1477 de
553 1431 793 1490 αὖτομᾶτοις
821 1437 880 1477 ita
907 1437 1086 1490 vocatis,
1125 1451 1232 1492 quae
1267 1435 1438 1491 publico
1473 1449 1579 1476 con-

115 1496 283 1551 spectui
312 1492 496 1535 artifices
529 1493 780 1534 Mechanici
807 1494 909 1533 olim
940 1493 1135 1534 solebant
1160 1507 1387 1548 exponere.
1435 1505 1576 1546 neque

114 1566 215 1594 sane
239 1551 308 1591 his
329 1551 558 1606 quicquam
579 1549 630 1589 ad
651 1549 942 1591 incutiendam
964 1550 1115 1601 cuivis,
1147 1549 1355 1605 imprimis
1377 1549 1577 1604 ignoran-

115 1609 246 1660 tibus,
278 1606 601 1648 admirationem
619 1616 682 1648 est
701 1607 855 1660 aptius.
896 1605 1027 1646 huius
1051 1617 1191 1647 autem
1212 1606 1272 1646 rei
1295 1616 1443 1646 auctor
1466 1604 1576 1644 mihi

115 1674 180 1706 est
202 1668 315 1705 Hero
336 1663 667 1704 Alexandrinus.
728 1663 852 1703 Prius
874 1672 1030 1714 tamen,
1067 1676 1188 1718 quam
1217 1661 1453 1712 discedam,
1493 1664 1576 1701 ele-

115 1731 283 1778 gantem
324 1720 483 1762 notabo
522 1723 663 1760 locum
699 1719 751 1760 de
787 1715 1025 1775 εύμηχανίᾳ,
1075 1733 1199 1773 quam
1248 1733 1395 1759 vocem
1429 1718 1576 1760 Pollux

115 1793 219 1819 mox
243 1776 391 1830 hahet,
422 1791 447 1818 e
469 1778 661 1817 Maximo
688 1778 808 1830 Tyrio
828 1778 855 1815 1.
886 1790 922 1818 o.
952 1785 1183 1816 accesserat
1203 1773 1374 1830 quidam
1395 1773 1448 1814 ad
1473 1773 1575 1814 Per-

115 1849 259 1875 sarum
278 1849 432 1890 regem,
470 1835 610 1889 τέχνην
629 1831 719 1875 τινὰ
745 1831 1069 1884 ἐπιδεικνύμενος
1099 1833 1374 1887 διαφέρουσαν
1404 1828 1578 1901 εὔμηχῖαή

114 1893 200 1949 vla·
231 1888 382 1946 ἆμᾶξας
401 1888 511 1940 τινὰς
521 1887 761 1943 ποιούμενος
776 1886 921 1944 μικρὰς
942 1886 1187 1945 στρογγύλας
1205 1887 1304 1931 κατὰ
1320 1887 1490 1945 βελόνης
1508 1905 1575 1943 ορ·

114 1952 214 1991 &lov
231 1947 445 1999 πόρᾇθεν
467 1943 622 2000 ἀφιεὶς,
653 1950 725 2002 τῆς
742 1943 910 1999 βελόνης
942 1945 1068 1998 ἄκρας
1094 1945 1294 2000 ἐτύγχανε.
1319 1946 1447 1987 Cosm.
1469 1945 1573 1985 Pae-

115 2008 231 2044 οἰκεῖ
261 2005 415 2058 offulas
432 2018 593 2057 parvas
614 2003 906 2055 rotandasqae.
951 2002 1126 2042 videtur
1147 2003 1294 2056 itaque
1320 2001 1397 2055 pro
1422 1998 1573 2054 ἇμᾶξας

114 2060 268 2116 legisse
288 2057 426 2113 μάζας,
457 2069 505 2098 ut
529 2067 570 2098 et
591 2060 855 2112 Leopardas;
886 2073 1006 2114 quam
1034 2059 1153 2109 bene,
1187 2073 1272 2098 non
1302 2057 1462 2098 iudico.
1493 2071 1573 2097 no·-

114 2117 181 2163 bis
213 2116 454 2169 imperitior
480 2114 678 2153 librarius
707 2130 731 2155 e
762 2130 868 2156 voce
898 2118 1075 2171 σφαίρας
1103 2118 1209 2155 male
1236 2115 1379 2154 forsan
1413 2113 1571 2167 scripta

113 2171 314 2229 procudit
335 2181 446 2212 totas
465 2167 631 2226 ἁμάξας.
678 2171 723 2211 id
743 2172 890 2226 itaque
908 2173 1028 2212 vocis
1049 2171 1270 2212 nobiscum
1289 2169 1480 2210 restitue.

223 2239 446 2294 θαυμάτων
468 2240 583 2294 δημ.]
609 2237 704 2281 MS.
724 2237 948 2294 θαυμάτων
967 2241 1219 2295 δημιουργία,
1233 2236 1388 2278 omisso
1399 2253 1572 2293 μηχανο-

112 2296 244 2350 ποιός.
300 2304 407 2339 que.

223 2364 491 2422 βιομηχανία]
530 2366 712 2417 Interpr.
747 2366 906 2404 virium
938 2364 1214 2417 experientia.
1262 2359 1371 2401 mihi
1401 2361 1572 2403 videtur

114 2423 198 2464 hoc
216 2421 424 2464 vocabulo
446 2421 661 2477 designari
680 2419 879 2476 πορισμὸς
899 2426 980 2463 τῶν
998 2419 1102 2475 πρὸς
1129 2417 1199 2462 τὸν
1214 2419 1320 2473 βίον,
1336 2436 1337 2439 ’
1353 2434 1572 2472 compara-

115 2483 174 2520 tio
187 2494 328 2519 eorum
345 2493 452 2533 quae
469 2478 528 2518 ad
547 2481 682 2516 vitam
698 2479 1018 2517 sustentandam
1030 2479 1246 2529 pertinent.
1279 2474 1393 2515 unde
1419 2486 1461 2516 et
1477 2476 1571 2514 ani-

113 2538 196 2576 mal
219 2535 336 2593 quod
358 2533 487 2577 facile
507 2533 591 2575 sibi
612 2533 778 2590 quaerit
794 2534 958 2587 cibum,
990 2533 1150 2574 dicitur
1168 2528 1395 2587 εὐμήχανον
1414 2536 1497 2576 τῶν
1514 2534 1571 2583 εἰς

110 2595 215 2650 βίον.
270 2599 420 2634 Kuman-
