1664 3016
635 120 760 161 VIIL
825 125 918 165 104·
1437 125 1522 168 735

69 232 288 290 congessit
310 246 358 273 ac
375 231 557 274 eludita.
617 234 789 274 Praeter
810 233 890 274 hos
912 243 1051 274 autem
1069 249 1179 290 quos
1195 234 1346 276 Pollux
1366 249 1523 276 memo-

68 300 150 355 rat,
182 300 271 330 erat
289 301 332 330 et
351 288 469 328 aliud
489 303 742 341 praeconum
765 305 911 345 genus,
942 305 1049 345 quos
1071 293 1247 342 πολέμου
1259 290 1440 346 κήρυκας
1456 292 1522 331 di-

70 348 133 386 cit
166 348 374 400 Ulpianus
397 345 444 383 in
472 347 777 386 Timocrateam
791 348 1103 388 Demosthenis:
1133 349 1263 391 ἰστέον
1282 349 1338 395 δὲ,
1347 363 1520 403 appono

69 402 321 473 dignissima
350 404 466 441 lectu
499 403 647 453 verba,
687 421 748 446 οτι
775 401 893 453 ἄλλος
917 399 971 458 ἦν
992 400 1015 446 ἆ
1038 407 1167 458 κῆρυξ
1185 410 1257 447 τοῦ
1279 404 1425 458 δημου,
1454 408 1522 448 καὶ

67 457 187 508 ἄλλρς
205 456 228 502 ὅ
246 462 323 500 τοῦ
339 459 514 512 πολέμου
525 490 536 510 ‚
568 457 590 502 ὅ
609 458 914 531 προηγούμενος
932 465 1010 503 τῶν
1025 463 1244 517 πρεσβὲων,
1272 460 1376 516 πρὸς
1389 460 1435 505 τὰ
1449 457 1523 505 οὗ·

65 532 165 565 τους
184 517 427 558 σπείσασθαι
450 516 615 569 εἰρήνην
633 516 736 571 πρὸς
748 516 842 566 τούς
862 518 1100 571 πολεμίους,
1132 518 1339 573 βαστάζων
1357 519 1399 562 δὲ
1417 518 1522 573 σύμ·-

68 575 194 628 βολον
211 570 255 614 τὸ
273 569 492 638 κηρύκιον·
523 572 570 611 hi
587 574 760 623 feciales
778 575 1005 614 Romanis:
1035 575 1073 615 ie
1098 589 1198 616 vero
1220 576 1295 631 qui
1310 576 1521 630 inpopuli

67 639 158 670 etat
179 628 435 681 ministerio,
465 627 597 685 ὁημου
618 627 747 686 κήρυξ
771 641 962 673 vocetur.

176 755 282 820 πξερὶ
296 752 532 819 ληξιαρχων.
543 756 558 808 ]
598 755 770 795 Titulus
798 756 843 794 iu
869 755 964 795 M.S
989 757 1231 811 Ληξίαρχοι,
1267 766 1311 798 et
1341 766 1522 798 tmema-

64 809 173 850 tium
197 811 354 865 incipit
370 813 414 862 εξ
437 818 680 853 etc.1usc.

174 869 427 935 Ληξίαρχοι]
458 867 590 908 Abest
610 882 633 907 a
664 868 712 908 C.
742 868 793 910 A.
847 874 997 908 Kum.

177 926 220 968 ἓν
245 922 499 995 λευκώματι]
545 925 810 965 Demos-then.
857 926 1137 964 Timocratea:
1177 920 1201 967 ὅ
1230 925 1272 968 δὲ
1298 927 1424 977 τιθεὶς
1449 944 1522 970 τον

63 979 208 1024 καινόν
226 978 370 1050 νόμον,
389 978 631 1037 ἀναγράψας
649 984 705 1031 εἰς
725 979 910 1035 λευκωμα
930 982 1114 1024 ἐκτιθέτω
1134 979 1315 1032 πρόσθεν
1329 988 1407 1026 τῶν
1420 985 1521 1026 ἕπω-

62 1037 203 1092 νύμων
225 1035 440 1095 ὁσημέραι·
476 1038 556 1077 ubi
583 1039 791 1091 Ulpianus
810 1041 867 1088 εἰς
883 1036 1071 1093 λεύκωμα
1089 1038 1290 1093 explicat,
1320 1041 1362 1083 ἐν
1378 1043 1520 1099 πυξίω.

60 1101 209 1137 Kumm.

173 1179 270 1213 τους
288 1179 342 1216 μη
363 1159 585 1216 ἕκκλησιᾶζ.
606 1169 688 1203 etc.
698 1162 719 1215 ]
751 1162 837 1202 Sua
859 1173 1013 1228 sponte
1034 1163 1313 1203 concurrebat
1331 1167 1520 1218 populus

62 1217 115 1258 acl
139 1219 249 1258 fixas
271 1219 550 1274 solennesque
569 1219 726 1258 mensis
747 1221 991 1270 conciones,
1012 1230 1086 1259 aut
1098 1229 1209 1260 certe
1229 1220 1408 1260 debebat
1420 1236 1519 1260 con·

63 1289 250 1328 currere3
279 1276 326 1324 ni
347 1275 563 1325 fecissent,
593 1275 826 1314 Lexiarchi
848 1277 1066 1332 segniores
1091 1276 1361 1326 mulctabant,
1393 1278 1522 1316 simul

66 1331 360 1383 observabant,
394 1346 447 1371 ne
466 1332 577 1371 servi
598 1332 812 1401 peregrini
833 1344 907 1374 aut
922 1333 1103 1373 infames
1123 1333 1324 1373 concioni
1344 1334 1520 1375 interes-

60 1397 168 1429 sent.
196 1387 280 1429 hoc
299 1390 455 1428 Noster
472 1391 571 1428 vult
588 1402 662 1442 per
685 1387 870 1442 ἐξήταζον
888 1399 968 1432 etc
1025 1396 1178 1430 Kumm.

173 1443 269 1496 τούς
285 1443 341 1499 μὴ
362 1442 580 1499 ἐκκλησιᾶζ.
601 1446 712 1498 etc.]
745 1445 845 1486 Alio
868 1445 1018 1486 ordine
1037 1447 1131 1486 MS.
1154 1460 1227 1499 qui
1239 1446 1417 1486 fortasse
1430 1460 1520 1496 non

60 1501 202 1541 minus
223 1502 407 1543 rectius:
438 1499 532 1551 τούς
550 1499 880 1554 ἐκκλησιάζοντας
899 1501 1099 1556 ἐξήταζον,
1127 1500 1223 1551 τοὺς
1241 1500 1295 1556 μὴ
1313 1499 1522 1555 ἔκκλησιᾶὴ

61 1562 200 1608 ζοντας
210 1560 399 1612 ἐζημίουν
412 1560 610 1612 καὶσχοιν
631 1556 683 1598 de
693 1573 810 1599 more
820 1558 904 1598 hoc
923 1573 996 1612 per
1007 1559 1346 1601 funemtinctum
1359 1560 1403 1597 in
1418 1574 1518 1598 con-

62 1614 231 1655 cionem
245 1614 647 1670 cogendipopulum
659 1614 747 1655 vid.
770 1625 812 1655 et
829 1616 974 1669 Sigon.
992 1614 1068 1656 lib.
1090 1631 1142 1656 11.
1177 1614 1228 1655 de
1242 1616 1350 1669 Rep.
1365 1617 1518 1658 Athen

60 1685 152 1725 cap.
185 1673 226 1713 4.
248 1672 325 1726 qui
350 1671 550 1710 nimirum
573 1670 841 1726 tingebatur,
871 1675 1051 1712 multum
1070 1671 1256 1727 pendere
1275 1671 1517 1730 cogebatur.

59 1728 275 1782 Aristoph.
297 1728 426 1768 initio
447 1727 712 1767 Acharneus.

337 1814 392 1846 ως
410 1800 486 1838 νῦν
508 1792 625 1838 ἆπότ’
646 1793 770 1848 ου’σης
792 1798 935 1849 κυρίας
951 1799 1160 1852 ἐκκλησίας

335 1854 546 1923 ἑωθινῆς,
557 1849 746 1907 ἕρημοςθ
718 1871 744 1907 η
765 1853 869 1905 πνύξ
888 1851 1027 1908 αὗτηΐ·

337 1927 378 1952 οι
366 1907 431 1952 ’”’δ
458 1905 546 1952 ἐν’
521 1913 667 1979 αγορᾷ
672 1915 837 1953 λαλοῦσι
851 1943 863 1962 ,
893 1909 1004 1954 κᾶνω
1032 1912 1101 1954 καὶ
1118 1907 1226 1954 κάτω

323 1963 369 2010 τό
392 1968 568 2020 σχοινίον
590 1964 786 2023 φεύγουσι
804 1968 848 2011 τὸ
868 1969 1177 2024 μεμιλτωμένον.

60 2035 119 2074 Et
138 2036 289 2088 paullo
310 2044 409 2088 post
438 2048 460 2073 a
491 2048 701 2087 praecone
744 2036 1029 2076 inclamantur
1064 2038 1107 2078 οἱ
1135 2032 1305 2086 τοξόται,
1335 2048 1519 2088 quorum

58 2093 211 2131 Noster
230 2090 304 2131 hio
321 2090 533 2138 meminit,
560 2100 608 2132 ut
632 2089 847 2132 abducant
864 2093 1167 2145 Amphitheam
1189 2106 1330 2145 pacem
1343 2090 1520 2131 suadere

59 2150 291 2192 volentem.
322 2146 395 2186 Ad
407 2146 586 2187 eundem
606 2147 851 2188 funiculum
868 2150 1060 2190 allusisse
1071 2148 1198 2190 credo
1212 2151 1258 2188 in
1277 2148 1519 2199 leesmoplz.

61 2221 163 2258 αυτη
179 2205 251 2258 μὲν
265 2201 295 2256 ἦ
312 2202 513 2270 μήρινθος
533 2201 652 2246 audiv
671 2205 855 2247 ἔσπασεν.
912 2213 1015 2246 Itmc.

174 2262 354 2328 σχοινίον
382 2259 662 2315 μιλτώσαντες]
707 2261 820 2302 Vide
843 2262 1138 2315 Proverbium,
1160 2257 1525 2315 funiculumfu-.

58 2319 187 2371 giunt
202 2321 442 2360 miniatum.
500 2323 584 2357 San.

163 2384 452 2440 ληξιαρχικὸν]
493 2386 619 2425 Pater
646 2385 772 2425 vivus
803 2386 895 2440 ipse
924 2386 1160 2427 adducebat
1198 2382 1517 2424 inscribendum

61 2441 164 2481 hnic
186 2441 282 2482 albo
316 2442 463 2482 fllium.
502 2451 672 2481 mortuo
706 2451 844 2484 autem
876 2443 953 2483 illo
977 2443 1153 2483 tribules
1178 2451 1221 2483 et
1244 2440 1414 2493 cognati
1434 2438 1519 2478 hoc

59 2498 360 2551 procurabant.
433 2498 740 2568 Inscrisstionis
786 2503 1026 2565 exemplum
1074 2509 1138 2539 est
1194 2497 1308 2551 apud
1351 2495 1519 2534 Isaeum

57 2554 181 2650 libat.
231 2569 271 2597 ν.
317 2553 549 2612 Θράσυλλος
595 2551 915 2613 Απολλοόὥρου,
972 2557 1218 2609 Utro-syllas
1253 2552 1526 2606 Apollodori.

92 2626 201 2652 naim
