1664 3016
133 130 219 172 714
737 125 861 168 VIII.
920 130 987 170 94.
1006 127 1008 131 ’

832 242 900 284 94.

248 296 342 347 περὶ
359 293 592 350 ἱππάρχων]
633 294 677 336 C.
710 295 759 338 A.
793 299 883 351 περὶ
901 296 1111 350 ἱππάρχου.
1155 296 1309 336 caeteri
1338 295 1458 337 tituli
1478 296 1591 337 infra

137 363 385 406 sequuntur.
426 353 527 392 alias
548 353 705 392 dicitur
725 349 747 397 ὅ
765 354 830 396 ἐπὶ
848 358 927 396 τῶν
945 355 1111 407 ἱππέων,
1140 364 1189 393 ut
1208 351 1230 396 ὁ
1249 354 1313 395 ἐπὶ
1337 358 1418 395 τῶν
1439 350 1584 396 ὅπλων.

135 417 281 450 ΚυΕΗΝ.

250 466 342 520 περὶ
362 463 600 519 ἱππάρχων]
640 466 737 504 Hoc
765 475 914 506 tmema
942 468 986 506 in
1009 467 1104 508 MS.
1125 466 1280 519 triplex
1303 475 1389 513 est.
1421 475 1463 506 et
1490 475 1590 506 aute

135 524 329 576 ἵππαρχοι
348 531 429 563 etc.
468 525 613 562 saltem
636 524 727 578 περὶ
752 522 958 577 ἱππάρχων
979 523 1303 577 praescribitur:
1343 523 1500 576 reliqui
1528 522 1590 561 ti-

138 579 234 629 tuli,
253 590 433 632 excepto
456 577 683 633 φυλάρχων,
716 578 951 619 redduntur
971 580 1089 622 infra
1103 579 1188 618 suis
1200 579 1318 618 locis.
1348 578 1590 619 emendavit

139 645 279 675 autem
310 635 354 673 in
387 638 561 691 vulgato
590 637 718 675 titulo
746 646 965 676 accentum
989 635 1046 679 H,
1073 636 1307 687 Stephanus
1331 636 1375 675 in
1397 649 1475 675 suo
1499 635 1590 675 Co-

140 691 248 742 dice,
281 691 331 731 ad
353 706 465 731 oram
491 691 768 745 adponendo:
799 690 1043 746 πρυτάνεων,
1061 702 1108 730 ut
1125 706 1228 731 mox
1251 705 1377 746 segm.
1404 691 1470 748 96.
1494 692 1588 734 MS.

138 758 279 788 tamen
298 758 444 788 noster
471 758 512 788 et
532 749 615 799 ibi,
648 760 688 788 et
712 764 823 801 mox,
858 749 933 789 ubi
954 749 1126 788 titulum
1149 747 1266 787 hunc
1287 748 1451 801 inserit,
1481 766 1590 803 πρυ-

138 806 288 848 τανὲων
308 805 458 846 habet:
492 805 604 857 quod
629 806 753 846 etiam
782 815 940 846 rectum
962 815 1082 859 puto.
1141 810 1244 845 Iuno.

252 864 466 916 ἵππαρχοι]
497 863 567 901 De
587 861 676 912 his,
707 862 944 902 taxiarchis
981 862 1106 902 etiam
1125 871 1168 902 et
1181 859 1429 915 phylarchis
1444 861 1588 916 Sigon.

140 919 217 961 lib.
241 933 302 960 iv.
327 918 376 958 de
399 919 506 972 Rep.
525 919 678 957 Athen.
701 934 736 958 c.
756 920 793 960 5.
851 925 955 958 Imm.

255 977 296 1018 οἷ
314 976 355 1017 δὲ
372 972 596 1030 φύλαρχοι]
639 977 731 1028 περὶ
753 975 976 1030 φυλάρχου.
1022 973 1069 1016 C.
1095 973 1147 1016 A.
1168 970 1368 1029 φύλαρχοι
1385 974 1503 1021 δέκα,
1534 971 1591 1024 εἷς

142 1042 222 1073 etc.
255 1029 424 1080 ὁπλῖται,
449 1034 602 1071 milites
620 1035 768 1085 gravis
787 1041 1041 1081 armaturae,
1061 1031 1233 1083 pedites.
1263 1030 1481 1072 subiectus
1502 1039 1591 1071 erat

138 1088 378 1142 Hipparchi
399 1088 592 1143 imperio.
625 1088 779 1127 dicitur
801 1086 823 1131 ὁ
849 1090 911 1131 ἐπὶ
931 1094 1009 1131 τῶν
1033 1085 1218 1130 ὁπλιτῶν.
1246 1086 1334 1129 vid.
1353 1087 1588 1139 Philippeo.

140 1161 171 1188 1.
196 1146 460 1184 Demosthen.
482 1159 588 1198 quae
610 1144 681 1183 hic
702 1144 752 1185 de
773 1151 978 1201 στρατηγῷ
997 1149 1053 1201 τῷ
1073 1145 1136 1186 ἐπὶ
1153 1149 1230 1186 τῶν
1249 1141 1384 1186 ὅπλων
1400 1142 1591 1198 disputat

139 1203 325 1252 Petitus,
367 1216 453 1241 non
491 1200 693 1241 videntur
717 1202 856 1243 facere
875 1202 924 1242 ad
938 1217 1035 1242 rem.
1065 1200 1259 1241 videatur
1285 1200 1360 1240 ille
1385 1200 1431 1243 in
1455 1201 1506 1240 L.
1535 1201 1588 1242 L.

140 1259 272 1298 Attio.
291 1271 386 1314 pag·
408 1257 502 1314 249.
561 1257 669 1298 Nam
690 1256 908 1315 στρατηγὸς
928 1255 949 1301 ὁ
973 1259 1036 1301 ἐπὶ
1058 1261 1139 1299 τῶν
1165 1255 1300 1299 ὅπλων
1325 1259 1390 1297 vel
1407 1253 1590 1307 ὁπλιτῶν,

141 1315 392 1368 simpliciter
412 1325 495 1367 est,
526 1313 611 1354 dux
637 1315 849 1367 peditum,
883 1315 951 1354 cui
991 1330 1047 1355 ex
1069 1316 1195 1353 altera
1213 1323 1332 1368 parte
1351 1312 1592 1366 responde—

140 1371 243 1410 bant
261 1374 302 1415 οἱ
318 1373 507 1426 ’ἵππαρχοι
535 1374 602 1412 vel
626 1373 835 1427 στρατηγοὶ
855 1372 919 1414 ἐπὶ
937 1375 1015 1414 τῶν
1036 1370 1201 1421 ἱππέων,
1230 1369 1434 1423 equitibus
1453 1384 1592 1421 prae-

126 1427 267 1483 ficti,
298 1429 443 1482 eisque
473 1428 672 1468 suberant
696 1431 737 1471 οἵ
766 1427 987 1482 φύλαρχοι,
1017 1437 1067 1466 ut
1093 1429 1294 1482 ταξίαρχοι
1314 1429 1388 1470 τοῦ
1416 1426 1482 1468 ἐπὶ
1511 1424 1592 1468 ταῖν

142 1484 274 1527 ὅπλων
294 1483 411 1524 dicto
436 1484 655 1524 audientes
677 1496 809 1527 erant.
867 1492 1012 1525 Kumnv.

254 1540 559 1596 νομοφύλακες]
603 1541 829 1581 Columella
859 1541 933 1584 lib.
955 1556 1039 1582 xu.
1075 1554 1166 1594 cap.
1190 1539 1228 1582 5.
1249 1538 1360 1592 quod
1375 1540 1503 1578 etiam
1521 1537 1591 1590 (ut

143 1598 358 1639 ordinatio
393 1598 588 1638 instituta
617 1595 952 1653 conservaretur)
980 1599 1025 1636 in
1042 1597 1138 1636 bene
1156 1599 1333 1636 moratis
1348 1595 1590 1636 civitatibus

142 1671 298 1708 semper
312 1665 372 1694 est
391 1656 671 1695 observatum:
701 1669 876 1708 quarum
892 1654 1147 1707 primoribus
1175 1662 1299 1705 atque
1319 1653 1591 1704 optimatibus

145 1728 227 1751 non.
257 1715 362 1752 satis
390 1715 525 1751 visum
553 1721 614 1750 est
636 1712 763 1751 bonas
788 1715 893 1764 leges
919 1711 1091 1762 habere,
1128 1712 1213 1748 nisi
1234 1709 1426 1750 custodes
1449 1723 1592 1748 earum

145 1768 489 1822 diligentissimos
517 1771 625 1807 cives
644 1777 877 1818 creassent,
907 1782 1010 1820 ,quos
1031 1767 1187 1805 Graeci
1206 1763 1492 1819 νομοφύλακας
1515 1781 1592 1820 ap-

137 1828 311 1880 pellant.
346 1825 429 1865 vid.
452 1826 549 1865 Nic.
579 1825 701 1878 Crag.
723 1826 799 1866 lib.
821 1841 873 1865 11.
898 1823 949 1864 de
968 1825 1074 1876 Rep.
1099 1823 1202 1862 Lac.
1225 1837 1312 1875 cap.
1335 1821 1373 1864 6.
1433 1827 1514 1861 San.

256 1881 561 1936 νομοφύλακες]
605 1881 653 1922 C.
677 1882 726 1922 V.
757 1881 947 1920 ultimam
976 1880 1141 1919 literam
1171 1879 1348 1919 omittit.
1389 1888 1432 1919 et
1466 1878 1514 1919 C.
1538 1877 1590 1918 A.

143 1940 228 1994 μέν.
260 1940 411 1978 titulus
435 1938 567 1983 adest,
598 1938 691 1988 περὶ
710 1934 1021 1991 νομοφυλάκων.
1079 1943 1224 1975 ΚυΕΗΝ.

255 1994 563 2049 νομοφύλακες]
594 1994 688 2036 MS.
709 2010 801 2034 cum
822 1991 1107 2046 νομοφύλακες
1119 2006 1276 2031 novum
1288 1991 1591 2039 tmemahabet,

143 2051 332 2106 praefixo
354 2052 504 2091 tituloz
536 2048 1001 2106 περὶνομοφυλᾶκων.θῑ
1015 2050 1112 2090 dein
1129 2048 1278 2088 ordine
1297 2049 1408 2090 alio:
1439 2066 1590 2101 νομοφ.

144 2111 275 2161 ἐστεφ.
307 2108 376 2163 μὲν
400 2124 480 2160 στρ.
516 2107 567 2146 de
593 2106 660 2147 his
681 2108 767 2149 vid.
793 2109 1011 2158 sigonium
1041 2107 1195 2147 lib.1v.
1230 2104 1280 2144 de
1300 2106 1406 2158 Rep.
1436 2106 1590 2145 Athen.

145 2181 233 2219 cap.
248 2164 284 2206 5.
305 2164 727 2218 quistrophiihuius,
742 2164 856 2218 quod
876 2164 1042 2219 insigne
1055 2163 1156 2203 huic
1176 2161 1453 2216 magistratui,
1467 2161 1591 2201 etiam

143 2221 337 2264 meminit
357 2221 503 2261 eodem
529 2221 602 2260 lib.
623 2236 680 2261 ιν.
701 2236 790 2274 cap.
822 2236 854 2261 1.
915 2227 1018 2260 IUNG.

255 2280 432 2332 στροφίῳ
460 2280 626 2336 λευκῷ]
667 2278 713 2319 C.
743 2281 791 2319 A.
814 2280 990 2332 στροφίῳ
1017 2276 1088 2329 μὲν
1106 2279 1246 2330 λευκῷ,
1276 2272 1348 2323 τὴν
1370 2274 1411 2316 δὲ
1429 2271 1593 2328 πομπὴν

143 2338 342 2390 πέμπουσι
370 2341 419 2392 τῇ
450 2339 559 2389 Θεῷ,
591 2350 788 2387 pompam
823 2336 983 2373 ducunt
1010 2337 1151 2384 Deae,
1180 2333 1222 2371 id
1243 2341 1326 2380 est,
1358 2333 1592 2371 Minervae.

144 2396 205 2434 ita
233 2393 358 2434 etiam
379 2391 484 2446 legit
505 2393 637 2435 Vales.
660 2392 788 2431 Notis
809 2391 854 2430 in
875 2391 1131 2442 Harpocrat.
1163 2388 1249 2430 vid.
1266 2388 1417 2427 iterum
1437 2387 1594 2427 Suidas

145 2453 190 2491 in
209 2453 250 2494 οἷ
269 2448 554 2501 νομοφύλακες.
609 2456 756 2488 Knmm.

257 2503 331 2562 τῂν
353 2506 393 2548 δὲ
409 2506 575 2560 πομπὴν
594 2515 670 2547 etc.
691 2505 712 2560 ]
746 2506 841 2545 MS.
862 2508 1005 2561 λευκῷ·
1037 2503 1112 2555 τὴν
1131 2507 1164 2546 δ.
1184 2520 1226 2545 π.
1248 2519 1289 2544 π.
1305 2506 1354 2557 τῇ
1373 2504 1473 2556 Θεῷ,
1505 2513 1594 2540 non

145 2568 202 2622 τῷ
224 2568 328 2619 Θεῷ,
357 2564 603 2613 Minervae,
641 2561 791 2612 credo,
833 2561 1159 2601 Atheniensium
1188 2558 1360 2599 tutelari
1378 2558 1517 2598 Deae:
1547 2566 1595 2595 ut

147 2636 247 2661 mox
269 2622 402 2674 ταμίαι
418 2625 490 2674 τῆς
516 2623 620 2663 Θεοῦ
637 2632 764 2674 segm.
790 2633 855 2674 97.
913 2625 1021 2659 lime.
