1664 3016
684 143 809 185 VIII.
832 180 835 181 γ
868 147 934 188 83.
1462 144 1544 185 697

87 253 115 312 ἦ
143 254 352 313 ἆρχηγὲτις
383 254 658 314 ἀρχαιρεσίας,
689 251 941 313 ἆρχιθεωρός
971 265 1050 299 etc.
1103 252 1260 306 Ἰσαῖος
1295 250 1543 309 ἀρχιτέκτων.

88 323 173 356 etc.
224 321 370 356 Ktmmt.

201 369 362 426 αρχεεν]
393 372 530 410 Deest
559 369 605 409 in
627 370 723 413 MS.
751 367 911 424 α’ρχειν·
942 379 985 410 et
1005 383 1107 409 mox
1133 366 1319 423 ἐξάρχων,
1348 364 1544 422 ἐξάρχειν·

88 435 295 480 etpostea
319 425 544 480 συνάρχειν
603 426 673 467 Ad
705 427 887 480 primum
917 436 1053 467 autem
1085 425 1370 466 vocabulum
1359 438 1403 462 in
1426 425 1546 463 Lab-

69 483 184 539 baei
215 482 378 524 Codice
408 483 655 523 adnotatum
699 493 784 525 est.
824 484 931 536 quid
955 483 1128 536 differat
1159 478 1261 548 ἀρχὴ
1288 488 1328 520 et
1362 483 1548 523 διακονία

69 518 285 581 '‘Aeac-hin.
316 539 384 580 55.
411 539 480 580 ·)6.
536 541 681 579 Locus
716 554 802 579 non
833 550 894 579 est
923 542 1050 594 longe
1080 538 1132 578 ab
1162 539 1294 579 initio
1325 537 1549 578 Orationis

88 613 189 640 κατα
210 601 388 650 Κτησιφ.
411 597 446 635 si
466 596 561 649 quis
582 610 676 636 eum
711 594 932 636 desideret.
992 601 1096 635 Immo.

201 651 456 725 ἆρχαιρεσία]
487 653 555 692 Pr.
582 651 646 692 ed.
668 650 866 707 ἆρχεραισ.
925 657 1009 691 Sex.

203 707 464 764 ἆρχαιρεσία]
495 710 591 750 MS.
611 705 864 777 ἀρχαιρεσίας
881 709 996 750 notit.
1022 706 1086 761 ὅμ.
1106 707 1175 749 καὶ
1195 703 1549 776 ἇρχαιρεσιάζοντω

89 778 172 809 ete.
231 769 350 808 Male
378 776 499 806 autea
540 764 743 805 edebatur
767 760 1000 819 ἆρχεραισία
1027 773 1069 804 et
1098 760 1401 818 αρχεσιάζοντα·
1437 778 1547 818 quae

90 823 385 866 emendaverat
401 823 528 864 etiam
550 822 630 872 ita,
661 831 709 860 ut
728 822 896 861 Sebems
915 830 1059 861 noster
1079 829 1191 860 recte
1209 819 1367 873 edidit,
1399 821 1445 859 in
1465 834 1548 860 suo

91 880 254 923 Codice
274 882 408 920 Hem.
436 879 574 929 steph.
633 885 736 918 Imm.

200 935 451 1007 ἅρχαιρεσία]
491 933 739 988 ἆρχαιρεσίαι
766 934 812 973 in
833 935 1016 983 Glossis,
1053 934 1303 984 comitatus,
1341 936 1545 975 comitia·

91 993 323 1048 itidemque
362 991 618 1047 α’ρχαιρέσια,
667 993 867 1038 comitia,
911 1000 1036 1045 atque
1081 987 1182 1027 inde
1224 985 1545 1045 ἀρχαιρεσιάζειν,

90 1050 204 1107 quod
233 1065 290 1091 ex
316 1048 434 1088 Isaeo
464 1050 636 1094 Auster,
685 1056 728 1086 et
757 1047 975 1086 ΒὶηανσΙιο
1007 1045 1296 1113 Harpocsatio
1323 1046 1548 1087 adferunt·

90 1110 224 1161 ὁξγπεε.
248 1105 301 1147 de
344 1106 520 1161 Regno:
563 1101 654 1146 οὔτε
683 1098 1096 1168 ἆρχαιρεσιαζόντων,
1147 1099 1237 1144 οὔτε
1263 1102 1327 1145 ἐπ’
1359 1102 1464 1160 α’λλῳ
1494 1121 1551 1155 τῳ

91 1161 450 1216 ουνεδριαζόντων·
480 1171 522 1201 et
543 1161 598 1198 ita
621 1159 764 1214 quivis
784 1160 1074 1213 probatissimi
1100 1173 1153 1198 ex
1183 1160 1387 1213 antiquis.
1431 1147 1557 1199 vides>

91 1223 232 1276 itaque
251 1233 334 1284 quo
365 1218 457 1258 iure
476 1217 729 1257 Eustatlzius
758 1216 811 1255 ad
844 1215 969 1255 Iliad.
1002 1221 1052 1257 Ε.
1084 1229 1231 1254 vocem
1262 1215 1373 1255 hano
1404 1226 1548 1270 poste-

89 1277 216 1317 rioris
241 1275 336 1315 aevi
370 1288 456 1314 esse
487 1273 690 1314 adfirmet.
729 1271 773 1310 id
808 1273 945 1327 ipsum
978 1282 1020 1312 et
1051 1272 1275 1311 Berkelius
1304 1273 1473 1312 notavit
1502 1272 1549 1310 in

89 1331 338 1400 quibusdam
363 1331 550 1378 notulis,
585 1343 689 1383 quas
715 1328 876 1382 habeo,
909 1328 960 1368 ad
990 1328 1244 1381 Hesyclzium
1267 1343 1361 1372 mss,
1383 1331 1552 1367 Eusta-

90 1389 218 1439 thius,
241 1388 316 1436 ait,
343 1389 449 1427 dicit
478 1387 538 1426 ad
556 1385 686 1425 Iliad.
711 1389 762 1426 Ε.
782 1401 869 1424 esse
896 1399 1033 1424 vocem
1049 1387 1296 1436 posterioris
1316 1388 1424 1436 aevi,
1455 1399 1550 1423 eum

91 1455 228 1486 tamen
248 1441 476 1499 ἀρχαιρεσίη
500 1447 557 1481 sit
574 1441 690 1494 apud
708 1441 997 1483 Herodotum:
1031 1442 1220 1494 Etymol.
1246 1442 1309 1482 M.
1333 1441 1436 1481 haec
1460 1442 1547 1484 ille.

201 1497 419 1557 ἆναρχίαι]
450 1500 545 1542 MS.
571 1496 741 1554 ἀναρχία
769 1499 997 1553 singulari:
1030 1496 1145 1552 quod
1180 1497 1253 1538 hio
1289 1499 1450 1538 rectius
1478 1498 1551 1538 vi-

91 1558 228 1600 detur.
287 1564 392 1598 Imm.

203 1612 474 1670 αρχιθεωρὸς]
498 1608 757 1682 α’ρχιθεωρὸς
784 1610 909 1650 etiam
931 1621 995 1651 est
1023 1620 1214 1665 oxytone
1234 1611 1278 1650 in
1298 1609 1392 1652 MS.
1419 1625 1556 1666 quum-

92 1673 236 1727 p‘otius
257 1671 453 1711 videatur
486 1665 733 1723 ἆρχιθέωρος
756 1667 1047 1719 scribendum,
1077 1677 1124 1706 ut
1150 1667 1262 1721 apud
1284 1668 1404 1708 alios.
1462 1668 1549 1707 Hie

92 1729 205 1784 apud
229 1729 499 1769 Heliodorum
526 1726 605 1766 lib.
630 1741 705 1765 ιιι.
727 1721 928 1763 dieitur‘
909 1743 929 1767 ο
951 1722 1084 1778 ἅρχων
1101 1729 1171 1777 τῆς
1188 1726 1377 1778 θεωρίας.
1437 1729 1550 1766 que.

207 1781 487 1839 ἇρχιθεωρὸς]
521 1781 542 1826 ὅ
569 1779 794 1838 ηγοῦμενος
822 1785 901 1823 τῶν
931 1786 1122 1852 θεωρῶν·
1154 1782 1309 1851 θεωροὶ
1341 1780 1383 1822 δὲ
1413 1782 1490 1823 εἶσὶ
1511 1783 1554 1832 οἱ

91 1860 165 1897 την
183 1843 360 1896 θεωρίαν
380 1842 572 1908 φέροντες
586 1845 667 1888 τοῖς
685 1844 800 1887 θεοῖς
820 1839 875 1886 εἰς
892 1837 987 1887 τούς
994 1836 1260 1890 Ἐλληνικους
1283 1834 1453 1892 ἄγωνας,
1483 1839 1552 1879 καὶ

91 1898 192 1951 ὑπὲρ
212 1901 292 1940 τῶν
315 1901 494 1951 πατρίων
515 1894 723 1947 θυοντες,
743 1909 850 1948 quae
878 1893 929 1934 ad
953 1894 1247 1934 illustrandam
1269 1893 1380 1932 hanc
1401 1908 1550 1933 vocem

94 1973 146 1997 ex
174 1956 418 2007 Etymologo
457 1952 690 1993 describere
734 1951 867 1992 iuvit.
919 1961 983 1991 est
1012 1961 1056 1992 et
1086 1965 1135 1991 ea
1163 1949 1277 2006 apud
1306 1952 1477 1990 Aelian.
1503 1951 1552 1989 iu

94 2012 253 2054 Variis.

207 2069 274 2138 ”⁰2²
294 2063 321 2118 ’ἦ
345 2061 655 2136 αρχιθεῶρησις,
686 2073 766 2105 etc.
763 2063 797 2134 J
827 2066 1001 2103 Desunt
1031 2064 1074 2103 in
1098 2064 1192 2106 MS.
1211 2064 1275 2106 καὶ
1297 2059 1324 2117 ἦ
1346 2060 1553 2116 ἆρχιθεω,

95 2140 222 2183 ρησις,
236 2141 289 2174 ως
302 2122 378 2165 Ἰσ.
393 2121 692 2176 ἆρχιθεωροῦν·
676 2139 732 2170 α,
749 2117 1026 2175 ἆρχιθεωρεῖν.
1049 2120 1155 2160 haee
1174 2120 1342 2170 desunt,
1364 2121 1557 2173 inquam,

96 2183 141 2222 in
172 2191 316 2221 nostro
335 2179 428 2221 MS.
449 2178 519 2218 sed
542 2192 618 2231 pro
649 2192 699 2217 eo
719 2177 841 2247 quod
869 2178 1091 2245 sequitur,
1123 2178 1190 2218 καὶ
1226 2174 1552 2231 ἅρχιθεωοὴσειν,

95 2248 138 2279 et
155 2238 253 2281 MS.
280 2245 423 2277 noster
445 2234 586 2285 habet,
621 2252 688 2277 και
705 2231 1016 2289 ηρχιθεωρησεν,
1051 2251 1107 2283 ως
1118 2230 1286 2283 Ἰσαῖος.
1343 2239 1455 2273 IUNG

209 2346 350 2403 ἆρχία]
403 2346 540 2402 ἆρχεῖα
555 2342 804 2416 ἆρχέδικος,
853 2363 910 2396 ως
954 2347 1222 2415 Δημοσθένης
1261 2346 1441 2410 διῆρξαι·
1491 2342 1552 2382 ita

98 2406 148 2449 C.
178 2405 229 2445 A.
255 2406 328 2461 qui
364 2420 489 2459 porro
536 2421 590 2454 ως
616 2406 792 2454 Λυσίας,
839 2401 1023 2457 ἐπάρχειν
1060 2400 1280 2472 ἐπάρξασα,
1327 2396 1553 2452 κατάρχειν,

97 2461 367 2516 κατάρχεσθαι
390 2464 452 2504 ἐπι
482 2463 650 2510 θυσίας,
699 2457 878 2514 ἀπαρχάς
907 2458 1154 2514 απάργματα
1205 2458 1274 2500 τὸν
1301 2458 1341 2498 δὲ
1381 2471 1557 2508 αρχοντοι

99 2522 263 2573 ἔξαρχον
287 2517 487 2571 τύραννον
512 2535 550 2572 μ.
573 2518 602 2560 ἐ
623 2519 653 2559 ἒ
677 2517 707 2558 ἐ.
727 2527 886 2556 caetera
917 2517 1070 2556 absunt
1100 2531 1119 2554 a
1141 2515 1187 2554 C.
1208 2515 1257 2556 A
1285 2512 1381 2552 dein
1414 2509 1553 2565 ἀρχόν·

99 2594 178 2619 των
202 2573 408 2629 Ἀθηνῃσι
433 2586 514 2616 etc.
545 2577 687 2615 locum
717 2568 854 2612 hunc
863 2573 1088 2626 exscripsit
1111 2572 1294 2610 Plzavor.
1331 2570 1376 2607 in
1410 2568 1552 2623 ἅρχων.

99 2641 248 2673 ΚυειιΝ.
