1664 3016
147 114 232 157 770
732 112 856 156 vm.
917 118 1012 160 114.
1057 87 1061 91 ’

259 224 328 270 καὶ
356 225 568 280 στρατηγοὶ
597 226 673 283 δὲ]
719 225 988 283 Sequebatur
1011 230 1143 284 vulgo
1167 227 1379 287 ἱππάρχων
1408 227 1608 287 ὀνόματα·

149 296 229 323 nos
249 291 480 336 praeeunte
498 284 694 323 Kuelmio
714 284 1045 340 faventibusque
1062 286 1192 328 MSS.
1221 289 1422 328 Pollucis
1439 297 1608 330 textum

148 338 519 392 locupletavimus.

258 398 602 461 ἑλληνοταμιαῖοι]
633 398 738 454 Leg.
764 400 1058 454 ἑλληνοταμίαι.
1082 398 1379 457 diphthongus
1395 417 1436 446 οι
1455 401 1502 441 iu
1524 401 1609 442 fine

150 451 292 491 inanis
311 451 484 493 iteratio
506 464 569 494 est
589 456 810 509 sequentis
833 456 1019 497 articuli.
1077 456 1177 496 Snn.

260 511 613 564 ἑλληνοταμιαῐοι]
651 511 828 563 Vitium,
859 522 908 551 ut
934 512 1042 552 bene
1061 513 1230 553 notavit
1247 514 1422 554 seberus
1444 523 1606 564 noster,

149 574 193 605 et
225 579 326 605 mox
362 566 481 606 aliud
513 571 596 607 tale
630 567 830 609 mendum
869 569 1104 614 eiiciemus,
1162 570 1350 611 Notavit
1379 571 1451 611 hio
1483 582 1526 611 et
1546 573 1607 612 H.

151 623 388 675 Stephanus
413 637 491 677 pro
515 624 592 664 illo
620 627 811 680 vulgato,
844 626 897 666 ad
917 640 1029 666 oram
1051 628 1349 680 ἑλληνοταμὶαι,
1377 638 1428 667 ut
1446 638 1489 668 et
1509 629 1606 671 MS.

148 688 292 719 noster
327 682 435 720 clare
475 678 618 721 habet.
679 682 749 722 De
784 697 835 723 eo
864 682 1114 738 magistratu
1143 683 1286 736 Sigon.
1315 683 1414 726 libr.
1445 685 1523 726 IV.
1556 684 1608 724 de

146 735 257 790 Rep.
290 737 447 778 Athen.
478 752 515 777 c.
544 736 584 778 5.
618 752 672 778 ex
701 741 1039 792 Harpocratione
1060 739 1252 790 scilicet,
1287 754 1410 797 quem
1428 741 1474 780 in
1495 745 1607 792 ἑλλη-

146 794 334 847 νοταμῖαι
351 792 497 835 videre
516 804 654 848 potes.
715 797 978 850 Hesychius·
1010 797 1316 851 ἑλληνοταμίαι,
1345 802 1386 840 οἱ
1401 799 1471 842 τοῦ
1489 815 1609 851 κομι-

145 851 310 905 ζομένου
329 848 458 905 ᾳόρου
476 850 585 906 napo}
602 850 840 904 Ἀθηναίοις
860 856 1014 907 ταμίαι
1074 854 1207 894 que.

258 909 601 964 ἑλληνοταμιαῒοι]
640 910 795 963 Inepte
821 924 1020 964 prorsus·
1051 925 1129 950 nos
1150 925 1244 950 cum
1266 910 1462 950 Kuehm'o
1483 911 1609 963 ἑλλη-

146 965 353 1020 morafiae,
385 975 427 1004 et
449 965 548 1006 vide
572 967 630 1004 sis
663 965 714 1007 (le
735 966 853 1007 hisce
870 969 1161 1021 Etymologum
1182 977 1226 1008 et
1257 967 1451 1008 Suidam.

259 1024 330 1065 καῖ
355 1024 426 1066 ἔπι
454 1021 589 1073 νήσων
619 1032 699 1063 etc.
709 1025 724 1078 ]
766 1025 860 1065 MS,
891 1026 959 1067 καὶ
985 1027 1056 1068 ἐπι
1083 1022 1222 1091 ’νήσων
1247 1029 1288 1068 οἱ
1313 1022 1365 1068 τοὶ
1388 1022 1500 1082 παρά
1521 1035 1603 1067 etc.

146 1079 281 1119 Fuere
307 1079 452 1144 itaque
475 1089 518 1119 et
545 1080 822 1135 Magistratus
847 1081 1063 1135 peculiare
1092 1076 1298 1137 ’Λθήνῃσι
1324 1095 1458 1137 genus
1479 1087 1520 1125 οἱ
1539 1086 1608 1126 ἐπι

146 1134 281 1186 νήσων
303 1135 545 1179 constituti.
578 1151 667 1177 uon
697 1137 810 1178 enim
829 1147 936 1192 puto
960 1137 1064 1180 haec
1085 1138 1139 1178 ad
1160 1140 1448 1193 ἑλληνοταμίας
1468 1140 1608 1194 perti-

147 1206 262 1234 nere.
320 1192 455 1232 Iunc.

256 1251 328 1292 καὶ
346 1251 417 1292 ἐπι
439 1244 603 1303 νήσων]
635 1251 964 1305 Falckenburgii
983 1250 1157 1292 Codex:
1185 1256 1225 1295 οἱ
1244 1268 1358 1306 παρα
1375 1249 1455 1295 τῶν
1473 1270 1507 1296 ν.
1525 1262 1607 1296 etc.

258 1308 482 1375 τοιχοποιοί
505 1311 570 1356 τε]
608 1306 656 1347 C.
689 1307 739 1349 V.
771 1311 840 1350 και
868 1311 1086 1364 τειχοποιοι
1110 1310 1177 1358 δὲ.
1207 1311 1277 1351 και
1302 1311 1498 1363 ἱεροποιοὶ
1525 1320 1604 1351 etc.

145 1361 351 1417 ἱεροποιος
380 1363 612 1404 secundum
651 1365 878 1416 Ulpianum
905 1366 951 1404 in
979 1366 1223 1404 Midianam
1251 1374 1354 1414 erat,
1381 1366 1405 1410 ὀ
1431 1369 1606 1410 ἐπισκο-

145 1438 235 1464 πων
263 1439 312 1463 τα
345 1416 542 1475 θύματα,
571 1439 627 1475 μη
656 1419 833 1475 οἷδόκιμα
852 1423 922 1464 και
947 1439 1055 1476 πηρα
1078 1423 1173 1472 εἷεν,
1204 1425 1280 1477 qui
1299 1426 1496 1464 victimas
1527 1427 1605 1464 in—

145 1478 373 1532 spiciebat,
407 1493 508 1517 num
531 1479 728 1531 reprobae
749 1488 788 1517 et
806 1481 1027 1519 mutilatae
1045 1487 1194 1519 essent.
1250 1479 1435 1522 Kumm.

257 1537 479 1604 wazonem!
495 1536 561 1588 re]
602 1535 698 1576 MS.
729 1539 799 1579 καῖ
826 1539 1040 1591 τειχοποιοῖ
1071 1538 1128 1588 δὲ,
1157 1538 1227 1579 καῖ
1253 1541 1280 1580 ἱ.
1313 1536 1484 1578 tectius.
1515 1555 1606 1582 tec-

144 1610 335 1649 χοποιους
376 1592 490 1632 enim
528 1590 606 1632 hos
647 1602 690 1632 et
721 1592 834 1646 apud
866 1594 1150 1644 Aristotelem,
1186 1593 1280 1636 libr.
1314 1593 1412 1634 VI..
1431 1595 1602 1636 Politic.

146 1664 238 1704 cap.
269 1649 308 1692 8
348 1649 546 1689 ΑεεοΙιίη.
578 1649 624 1687 in
670 1649 849 1702 ctesiph.
878 1650 1092 1690 Demostlz.
1141 1664 1219 1704 pro
1257 1649 1436 1704 ctesiph.
1477 1650 1605 1692 habe·

144 1720 261 1748 mus:
301 1705 440 1761 deque
479 1706 533 1745 iis
572 1705 661 1748 vid.
706 1708 847 1760 Sigon.
877 1706 953 1748 lib.
982 1707 1058 1748 1V.
1087 1705 1139 1747 de
1177 1708 1282 1761 Rep.
1312 1707 1469 1748 Athen.
1497 1723 1531 1752 c
1561 1709 1602 1752 5.

142 1762 371 1806 ΙυΝσΕιιΜ.

256 1821 477 1876 τοιχοποιοί
501 1823 575 1877 τε]
615 1820 708 1862 Nos
741 1829 972 1875 praeeunte
993 1820 1190 1862 Kaelmio
1212 1823 1433 1878 τειχοποιοὶ
1463 1822 1604 1864 textui

142 1876 418 1920 reddidimus.

256 1953 324 1978 και
314 1935 477 1989 “ῥ”οῶ’ν]
519 1934 687 1975 Alludit
711 1934 763 1974 ad
792 1937 934 1975 locum
956 1935 1169 1976 Demostlz.
1202 1934 1248 1974 in
1282 1935 1508 1975 Midiana:
1535 1939 1605 1980 καὶ

142 1994 379 2046 μυστηρίων
411 1991 653 2045 ἐπιμελητήν
685 1994 754 2034 καὶ
788 1988 994 2044 ἱεροποιόν
1024 2008 1116 2034 ποτε
1140 1993 1208 2034 καὶ
1233 1989 1416 2046 βοιόνην,
1446 1992 1519 2032 ubi
1549 2008 1602 2034 ex

152 2047 331 2101 Ulpiano
362 2048 591 2103 legendum
615 2047 787 2103 βοώνην,
818 2048 862 2086 id
881 2057 957 2098 est,
988 2064 1058 2091 τον
1079 2045 1299 2100 ωνούμενον
1315 2050 1414 2101 βοῦς
1430 2052 1490 2101 εἰς
1512 2051 1602 2103 ἑορ-

140 2102 229 2156 τάς
262 2105 322 2144 ita
347 2114 389 2145 et
416 2104 464 2145 C.
492 2105 544 2145 V.
579 2106 625 2144 in
658 2107 831 2145 Polluce
863 2106 996 2161 legit,
1026 2120 1104 2146 nec
1130 2105 1255 2146 aliter
1280 2106 1530 2160 Hippocrat.
1559 2118 1603 2147 et

146 2163 284 2206 Vales.
311 2161 357 2200 in
386 2160 532 2202 Notis.
567 2161 626 2201 ita
659 2176 759 2202 mox
788 2162 977 2215 σιτῶναι,
1007 2171 1050 2203 et
1081 2163 1272 2206 ἐλαιῶναι
1302 2163 1349 2202 iu
1379 2163 1603 2204 Pandectis

140 2219 397 2258 Florentinis
430 2218 1124 2263 Pancirolluslib.1.c.12.de
1152 2222 1357 2275 Magistr.
1389 2222 1600 2273 Municip.

139 2277 324 2317 Kumm.

253 2335 322 2375 καὶ
339 2331 476 2385 βοῶν]
523 2333 622 2375 Ms.
651 2338 806 2389 βοωναι
831 2332 1094 2388 v‘nnpsot'mv·
1123 2333 1304 2398 egregie.
1337 2331 1519 2402 βοῶναι,
1551 2343 1603 2373 ut

140 2404 195 2430 ex
218 2387 395 2429 nomine
418 2389 501 2429 tibi
528 2400 669 2444 patet,
697 2400 818 2431 erant
841 2392 916 2446 qui
940 2391 1023 2433 bov
1014 2405 1069 2431 es
1090 2389 1141 2429 ad
1163 2390 1252 2430 dies
1270 2391 1403 2431 festos
1427 2395 1602 2430 coeme-

140 2455 259 2498 rent,
289 2445 403 2485 sicut
442 2456 556 2486 recte
591 2446 793 2501 Sigonius
820 2448 894 2488 lib.
926 2448 1002 2488 IV.
1042 2447 1093 2487 de
1123 2447 1232 2501 Rep.
1260 2447 1415 2488 Athen.
1448 2461 1484 2487 c.
1519 2450 1600 2488 ult.

140 2503 340 2557 exponit,
373 2504 689 2542 Demosthenem
709 2503 814 2547 uara*
831 2508 1011 2548 Madian
1034 2502 1262 2543 adducens.
1323 2503 1464 2544 Verba
1484 2502 1600 2543 Ora-

141 2559 246 2598 tolia
269 2558 440 2627 longius
465 2574 489 2598 a
511 2559 597 2600 fine
626 2561 834 2601 orationis
858 2571 970 2602 sunt.
1001 2564 1070 2604 και
1088 2563 1322 2616 μυστηρίων
1345 2559 1600 2628 ἐπιμελητήν,

140 2618 210 2659 καὶ
228 2613 448 2674 ἱεροποιόν,
477 2619 548 2661 και
575 2614 737 2672 βοώνην
756 2619 943 2659 Midiam
974 2627 1158 2659 creatum
1187 2617 1263 2660 ait.
1289 2616 1506 2674 ἱεροποιόν,
1538 2617 1600 2657 ait
