1664 3016
123 119 207 164 828
711 116 835 159 VIII.
899 121 992 164 135.

235 229 369 283 αιματι
399 228 726 284 προσεχόμενος]
766 230 833 270 Ita
864 240 907 271 et
924 231 1019 272 MS.
1043 230 1127 272 hoo
1155 231 1301 299 itaqu?
1319 234 1492 275 Polluce
1512 234 1584 275 ni-

123 294 252 335 tatur,
286 285 383 324 dum
404 297 444 326 et
467 287 673 326 Castorem
700 287 916 328 inveniat:
951 287 1199 328 dubitarunt
1219 290 1331 330 enim
1354 290 1441 332 viri
1465 289 1584 332 docti

124 342 176 382 de
196 341 297 393 hoc,
330 356 458 396 quum
481 342 525 381 id
548 343 746 383 Budaeus
764 341 993 395 ἀδεσπότοις
1011 346 1292 398 protullsset
1279 361 1324 386 m
1351 347 1441 387 Suis
1459 347 1583 388 Com·

122 398 360 441 mentariis:
394 398 465 438 sed
490 398 659 439 videtur
683 399 728 440 id
749 400 908 441 dictum
938 411 987 440 ut
1012 401 1307 456 προσεχόμενος
1328 401 1439 460 ἄγει,
1471 405 1582 457 (quo

122 465 164 495 et
183 456 332 494 Noctes·
359 470 485 509 supra
515 455 643 503 1,5¹2.
688 471 802 504 usus,
842 467 892 496 ut
921 457 981 496 ibi
1006 472 1058 496 ex
1075 458 1167 501 MS.
1187 469 1230 499 et
1255 459 1494 514 Thucydide
1511 463 1584 500 le-

122 510 306 566 gendum
335 511 425 568 est)
457 512 485 555 i.
517 514 676 568 ἕνοχος·
707 517 949 568 sanguinis,
982 514 1142 566 caedis,
1169 517 1339 568 piaculi
1372 517 1580 567 obnoxius,

122 575 396 610 νειιε.1σκ<;.

232 643 280 667 τα
285 624 416 700 Ι’πταρόι
433 630 491 684 τῷ
512 631 616 682 Δημ.
628 631 644 676 ]
673 626 721 670 τοὶ
743 627 906 669 omittit
927 628 973 670 C.
997 628 1048 667 A·
1073 636 1171 680 post
1192 629 1467 682 Δημοσθένει·
1497 646 1583 673 κοι-

119 686 246 733 νῶνες
267 679 321 732 ὥς
344 670 557 737 Ξενοφων.
599 684 737 726 Οίοεε.
765 702 936 736 κοινων,
966 688 1178 736 sociatae,
1211 687 1448 739 copulatae,
1480 700 1584 726 con-

121 744 305 779 iunctus.
340 739 425 779 vid.
454 750 496 781 et
517 742 897 795 Hesych.KU131m.

233 794 280 839 τὰ
305 795 416 851 παρὰ
443 801 497 854 τῷ
526 805 629 852 Δημ.
642 799 660 852 ]
698 799 792 842 MS.
821 797 932 851 παρὰ
951 799 1227 853 Δημοσθένει·
1260 798 1427 840 omissio
1461 796 1510 843 τᾶ
1538 808 1584 840 et

118 857 189 910 τῷ.
248 854 394 894 Locus
417 856 706 894 Demosthenis
723 865 786 896 est
802 855 846 894 in
868 856 1078 896 Oratione
1098 857 1187 896 fere
1210 855 1349 896 media
1367 857 1459 912 περὶ
1479 870 1584 910 συμ-

119 914 295 985 μοριῶν·
325 914 403 953 τῶν
424 910 660 968 ἐπικλήρων,
690 930 756 954 και
772 930 851 954 των
874 909 1080 966 ὀρφανῶν.
1111 914 1177 955 καὶ
1196 918 1276 955 τῶν
1291 917 1584 968 κληρουχικῶν,

119 970 187 1011 καὶ
206 973 285 1010 τῶν
301 974 572 1020 κοινωνικῶν,
603 971 671 1011 καὶ
696 971 736 1012 εἷ’
750 987 807 1019 τις
831 965 1048 1022 ἀδύνατος,
1079 966 1388 1023 ἀφαιρεθέντων
1405 980 1486 1010 etc
1519 984 1583 1010 re-

119 1025 261 1077 spexit
290 1023 342 1064 ad
372 1024 487 1064 hunc
515 1029 655 1066 locum
684 1037 728 1067 et
747 1028 1033 1080 Harpocratco
1064 1026 1110 1066 in
1149 1031 1424 1079 κοινωνικῶν,
1456 1041 1583 1083 quem

120 1081 232 1122 vide.
292 1087 397 1122 Iuno.

230 1139 447 1192 κοινῶνες]
492 1140 675 1193 Xenoph.
707 1139 759 1180 de
782 1139 890 1184 Inst.
915 1140 1012 1193 Cyri
1034 1139 1147 1181 libro
1171 1149 1348 1192 octavo,
1380 1139 1459 1181 fol.
1484 1139 1581 1183 205.

122 1204 165 1236 et
182 1194 319 1237 tribus
338 1195 532 1248 proxime
548 1211 663 1252 seqq.
719 1203 803 1238 San.

230 1256 421 1301 κοινῶνες
451 1254 564 1310 etc.]
597 1255 708 1294 Ante
733 1253 927 1293 seherum
960 1256 1068 1294 male
1101 1257 1340 1303 κοιννῶνες·
1382 1253 1584 1294 emenda-

119 1318 239 1350 verat
270 1308 498 1349 Kuelznius.
553 1311 612 1350 Et
638 1310 711 1351 hio
740 1313 866 1364 paulo
903 1319 1001 1350 ante
1033 1310 1206 1350 titulum
1226 1310 1354 1351 habet
1367 1311 1585 1350 Faleken-

119 1366 262 1419 burgii
284 1364 460 1417 Codex,
492 1368 583 1420 περὶ
610 1370 845 1417 κοινωνίας,
878 1377 921 1406 et
949 1375 1037 1405 tum
1065 1381 1143 1421 pro
1172 1384 1389 1418 κοινωνοι,
1419 1371 1581 1419 κοινῶν,

122 1437 204 1477 qua
233 1423 422 1463 lectione
458 1423 639 1465 admissa
683 1423 862 1466 delenda
904 1423 1040 1464 fuerit
1070 1424 1318 1465 commatice
1355 1423 1581 1465 distinctio

121 1489 220 1534 post
242 1473 515 1532 δικαστήρια.-

233 1533 438 1592 οἷνέμητα]
471 1536 563 1581 MS.
584 1534 776 1594 ἄνεμητᾶ.
834 1543 939 1578 que

810 1597 905 1640 135·

234 1652 613 1707 συναθροίσασθαι]
645 1652 741 1692 MS.
770 1650 1062 1706 ἁθροίσασθαι.
1121 1658 1204 1696 San.

234 1710 614 1780 συναθροίσασθαι]
657 1708 705 1749 C
737 1710 787 1753 A.
816 1708 1114 1765 ἆθροίσασθαι,
1146 1718 1243 1764 post
1269 1704 1413 1753 οὖσίαν
1435 1713 1584 1760 κοινῶς

119 1765 369 1817 κοινωνικὸς,
402 1784 506 1821 ανηρ
530 1764 868 1822 ἇξιοκοινώνητος
888 1767 936 1809 τά
957 1767 1036 1809 δὲ’
1020 1785 1048 1809 ε.
1070 1777 1150 1807 etc.
1207 1773 1354 1806 Kumm.

232 1824 614 1877 συναθροίσασθαι]
646 1824 729 1864 Pro
757 1826 1113 1881 συναθροίσασθαι
1139 1824 1237 1865 MS.
1267 1832 1414 1864 noster
1439 1818 1584 1880 ἀθροί-

123 1886 288 1930 σασθαι,
319 1890 367 1919 ut
387 1881 539 1922 Seleri.
596 1887 709 1922 Iuno.

232 1935 393 1992 συστήσ.
416 1941 535 1993 συμβ.
558 1937 701 1995 κοινῇ]
740 1938 792 1978 In
814 1939 909 1979 MS.
933 1936 1086 1979 desunt
1108 1934 1273 1992 συστὴσ.
1305 1940 1426 1994 συμβ.
1445 1954 1580 1994 κοινῃ.

121 2001 313 2034 Iunonum.

234 2047 535 2104 συστησασθαι]
569 2050 748 2091 Auctior
768 2051 839 2092 hic
860 2061 923 2093 est
952 2051 1117 2092 diversa
1140 2051 1259 2092 verbi
1287 2052 1425 2092 forma
1452 2051 1584 2092 Fale-

122 2108 428 2178 kenburgianus
446 2106 606 2160 Codex,
637 2123 733 2147 nam
753 2119 850 2162 post
870 2112 1086 2164 συμβαλεῖν
1102 2108 1279 2148 subiicit
1279 2110 1583 2177 συμβαλέσθαι.

233 2166 302 2207 καὶ
328 2161 639 2218 ἆκοινώνητος.]
671 2166 720 2204 In
753 2166 849 2207 MS.
871 2165 1025 2206 desunt
1051 2167 1116 2208 καὶ
1139 2161 1435 2219 ακοινώνητος’
1467 2165 1584 2221 quod

126 2237 220 2263 cum
243 2235 321 2262 suo
344 2220 614 2275 praecedenti
635 2231 678 2260 et
701 2235 825 2274 supra
851 2239 896 2275 v,
924 2222 1356 2265 145.habes.1um.

237 2279 480 2333 νείμασθαι]
511 2277 788 2322 Distribuere.
820 2280 867 2320 C.
884 2280 933 2322 A.
956 2279 1078 2334 ἄλλης
1095 2281 1231 2336 χρείας
1255 2280 1322 2323 καὶ
1347 2281 1587 2336 μερίσασθαι

126 2347 207 2378 etc.
267 2343 412 2378 Kumm,

238 2391 528 2459 μοιρολαχεῖν.]
558 2391 654 2432 MS.
682 2402 879 2447 corrupte
913 2399 1170 2449 μυρολοχεῖν·
1212 2392 1298 2432 nisi
1326 2402 1467 2432 tamen
1499 2409 1587 2446 μοι-

129 2456 304 2506 ρολοχεῖν
323 2449 508 2504 scripsit,
539 2458 588 2488 ut
614 2462 742 2489 mox:
777 2452 968 2504 quamvis
999 2451 1060 2490 ibi
1085 2449 1183 2492 MS.
1215 2451 1360 2491 aliter.
1393 2459 1434 2490 et
1459 2463 1586 2503 supra

129 2524 185 2549 ex
218 2507 475 2560 Antiphonte
502 2509 790 2560 μοιρολοχῆσαι
813 2522 874 2558 lv,
907 2507 997 2561 176.
1030 2511 1253 2562 vulgatum
1281 2516 1324 2546 et
1353 2505 1466 2559 apud
1494 2508 1588 2544 He-

128 2566 312 2619 syclzium
339 2573 425 2608 est,
458 2562 496 2602 si
521 2562 691 2617 quidem
721 2563 928 2634 corrigas
929 2579 1022 2604 cum
1045 2568 1098 2606 H.
1126 2564 1335 2616 Stephano
1357 2573 1400 2603 et
1422 2563 1588 2616 Sylbur-

126 2625 221 2676 gio:
255 2621 556 2676 μοιρήσασθαι,
587 2625 717 2674 λαχεῖν
740 2622 809 2664 καὶ
835 2620 881 2663 τὰ
915 2619 1052 2677 όμοια·
1081 2625 1356 2676 μοιρολαχεῖν,
1385 2618 1429 2663 τό
1459 2621 1589 2676 μερίδι
