1664 3016
117 71 199 113 664
709 67 832 110 VIII.
889 70 955 114 55.

229 177 576 235 διαχειρήσωσιν]
594 175 863 236 Legendum
896 180 1076 221 arbitror
1108 182 1416 236 ὁιαχειρῖσωσιν.
1448 193 1563 221 error

119 252 172 277 ex
195 250 321 289 prava
346 237 704 305 pronunciatione
739 251 860 290 saepe
881 238 1030 277 obvius
1052 239 1176 278 etiam
1202 239 1245 276 in
1268 238 1392 278 MSS.
1422 242 1533 277 Imm.

230 289 561 346 διαχειρνῖσωσιν.]
602 293 820 332 Kuehniua
843 303 986 333 noster
1013 296 1334 361 διαχειρίσωσιν,
1366 308 1486 349 quem
1515 293 1561 332 in

120 348 380 388 emendando
405 358 529 388 textu
549 363 639 388 sum
659 360 877 403 sequutus.
934 351 1004 391 De
1031 349 1198 405 ἆλογίου
1218 361 1356 390 autem
1382 352 1471 404 δίκῃ
1489 364 1560 389 ea-

120 405 210 444 dem
251 407 377 458 plane
406 405 555 446 iisdem
581 405 720 447 verbis
751 418 857 462 quae
886 407 1120 461 Hesychius
1144 416 1187 447 et
1221 407 1397 457 Suidas,
1436 406 1564 446 habet

118 461 400 513 Etymologus.

230 519 468 570 προομοσία,
497 517 597 570 etc.]
628 515 695 557 Ad
713 517 817 557 haec
839 517 1024 564 nomina,
1047 528 1147 573 puta
1163 521 1403 575 προομοσία,
1423 521 1564 574 διομο-

120 574 206 623 σιά,
237 576 435 627 ἐξομοσία,
465 576 523 615 H.
550 575 785 623 Stephanus
805 574 1133 616 hicadnotavit:
1161 577 1566 628 ApudEustathium

115 644 192 682 per
211 631 505 672 asscribuntur.
536 631 572 669 si
599 630 689 672 MS.
709 630 780 669 hic
806 645 892 670 non
914 642 1104 670 exsectus
1122 642 1243 684 esset,
1273 631 1567 688 διαφορότητας

120 686 283 741 aliquas
302 687 394 728 sine
418 686 548 726 dubio
572 686 696 725 nobis
720 687 958 740 imputaret.
989 693 1092 728 Imm

231 743 471 798 προομοσία]
502 745 614 783 Mox
633 744 818 797 διομοσία
839 753 926 782 erat
948 746 1090 797 vulgo,
1112 743 1158 783 in
1179 744 1299 784 cuius
1312 746 1450 784 locum
1473 742 1566 784 red-

122 798 214 838 didi
236 803 434 854 διωμοσία
457 814 531 854 per
553 818 598 841 ω.
619 803 749 854 paulo
767 810 868 854 post
890 799 1038 840 eodem
1065 815 1087 840 a
1109 815 1173 842 me
1200 800 1326 840 modo
1347 800 1451 841 haec
1478 814 1566 842 vox

121 866 184 895 est
202 856 431 900 emendata.
1017 875 1019 877 ’

231 909 511 968 παραγραφή]
543 914 644 953 Post
665 929 912 968 παραγραφη
939 912 1012 952 vix
1039 926 1209 982 possum
1239 911 1433 952 dubitare
1462 911 1566 966 quin

123 968 300 1010 omissae
319 972 418 1020 sint,
448 971 650 1025 0'1‘790271104·
678 973 768 1018 δι’κη
797 980 838 1010 et
866 965 1110 1023 α’νιιγραφη,
1142 983 1246 1023 quas
1279 968 1408 1008 habes
1438 982 1566 1023 segm.

120 1023 186 1075 57.
214 1036 255 1066 et
281 1028 391 1067 forte
412 1038 453 1066 et
474 1030 786 1082 παραμαρτυρία
808 1036 904 1066 ante
925 1025 999 1064 has
1033 1025 1102 1064 hic
1137 1039 1322 1079 quoque,
1366 1038 1472 1079 quae
1504 1025 1569 1063 in-

122 1082 184 1120 fra
211 1097 303 1121 cum
322 1085 570 1141 παραγραφῇ
588 1083 793 1138 iungitur.
825 1083 886 1121 sic
907 1083 1017 1120 enim
1038 1091 1167 1121 totam
1197 1082 1352 1122 lineam
1373 1081 1567 1120 omissam

122 1137 432 1190 deprehendere
463 1130 622 1180 videor.
655 1150 755 1178 nota
771 1138 850 1178 tibi
876 1138 1131 1178 debentesse
1149 1137 1355 1178 eiusmodi
1374 1137 1570 1179 librario·

122 1208 211 1232 rum
233 1194 409 1250 flagitia.
439 1196 501 1235 sic
523 1210 647 1248 supra
670 1194 1101 1249 segm..57.5nmfie).1¹a
1122 1195 1168 1233 in
1188 1194 1269 1234 alia
1291 1193 1571 1234 enumeratio-

123 1264 175 1291 ne
198 1251 394 1290 omissum
423 1251 643 1292 indicabat
667 1253 759 1294 MS.
791 1258 901 1292 Iuno.

232 1308 560 1363 ἐπισκηψασθαι]
592 1308 665 1349 Sic
686 1307 820 1347 edidit
839 1309 1008 1346 Seberus
1026 1316 1179 1348 noster.
1210 1315 1330 1346 antea
1361 1304 1508 1346 editi’
1488 1322 1570 1348 mc-

122 1363 362 1416 σκέψασθαι
382 1379 500 1404 suum
530 1364 733 1404 vitiosum
766 1374 807 1403 et
837 1363 906 1403 hic
937 1362 1211 1416 reponebant.
1267 1361 1353 1404 Sed
1379 1361 1571 1401 nondum

120 1420 240 1459 locus
269 1421 514 1461 emendatus
543 1431 616 1460 est.
663 1420 888 1474 legendum
917 1422 1029 1460 enim
1058 1421 1117 1461 ἔνε
1121 1416 1424 1473 πισκήψασθαι.
1453 1427 1572 1472 patet

123 1474 167 1514 id
186 1477 287 1516 satis
310 1491 366 1517 ex
391 1478 680 1544 sequentibus,
718 1477 791 1515 ubi
818 1476 920 1516 haec
952 1476 1101 1515 ordine
1130 1475 1317 1528 explicat
1344 1474 1568 1528 prolixius,

123 1542 165 1570 et
183 1532 226 1570 in
248 1533 302 1572 iis
325 1532 373 1577 ιδ
390 1532 750 1600 ἐνεπισκήψασθαι
769 1547 896 1586 segni.
919 1531 985 1573 61.
1004 1532 1054 1573 de
1075 1532 1259 1585 simplici
1285 1545 1384 1571 vero
1410 1529 1572 1580 ἔπισκή·

121 1598 288 1640 «μασθαι
305 1605 428 1644 supra
455 1591 544 1646 egit
567 1592 647 1629 iam
669 1605 796 1646 segm.
818 1588 885 1632 53.
911 1599 953 1629 et
981 1587 1049 1629 56.
1107 1588 1297 1628 Necdum
1325 1586 1428 1627 haec
1458 1587 1570 1626 linea

122 1647 315 1685 iestituta
335 1657 410 1697 est,
432 1657 594 1699 praeter
612 1648 723 1687 enim
745 1645 910 1711 nimuh),
945 1645 1090 1683 mutila
1111 1653 1185 1686 est.
1205 1644 1403 1683 omissum
1418 1643 1571 1682 iterum

122 1702 372 1741 vocabulum
409 1703 610 1757 aliquod,
651 1703 848 1742 nimirum
878 1700 1117 1754 πρόκλησις,
1162 1715 1284 1754 quam
1314 1714 1414 1739 mox
1443 1713 1573 1752 segm.

122 1756 188 1797 62.
209 1760 400 1812 exponit.
430 1762 570 1813 lapsus
594 1759 733 1798 facilis
761 1759 813 1798 ob
834 1757 1156 1797 similitudinem
1185 1756 1370 1797 alterius.
1428 1753 1574 1797 Scribo

123 1815 268 1869 itaque
291 1825 332 1856 et
356 1820 531 1870 supple.
563 1813 935 1870 ἐνεπισκήψασθαι,
961 1812 1223 1869 πρόσκλησις,
1242 1811 1475 1867 πρόκλησις,
1507 1810 1574 1866 ἕῳ.

122 1876 308 1911 ΙυΝαΕιιΜ.

235 1925 574 1982 ἐπισκήψασθαι]
615 1927 805 1967 Restitui
852 1941 943 1966 cum
983 1927 1173 1967 Doctiss.
1204 1926 1396 1965 Kaehnio
1424 1933 1573 1964 nostro

122 1983 500 2051 ἐνεπισκήψασθαι,
535 1985 655 2023 cuius
677 1981 786 2022 ratio
806 1998 858 2023 ex
879 1983 1153 2038 sequentibus
1172 1993 1234 2023 est
1251 1981 1432 2037 liquida.

236 2039 492 2095 διαψήφισις
497 2043 516 2094 ]
537 2039 740 2080 Mendum
755 2040 1119 2094 typographicum.
1135 2040 1300 2094 corrige
1320 2034 1575 2094 διαψηφισις,

123 2106 172 2136 ut
190 2099 356 2152 priores
378 2097 586 2138 editiones
609 2096 778 2147 habent,
811 2106 852 2136 et
873 2097 984 2136 infra
1006 2106 1067 2136 est
1085 2095 1442 2151 segm.64.1mw.

235 2213 453 2263 προομοσιά
478 2211 580 2263 etc]
620 2211 689 2248 De
717 2213 956 2264 προοιιοσῖᾳ,
993 2208 1240 2276 αντωμοσίᾳ,
1270 2207 1479 2261 διωμοσίᾳ,
1512 2206 1575 2245 νὶ-

124 2267 174 2306 de
194 2268 330 2320 Sigon.
354 2266 429 2308 lib.
454 2283 527 2307 111.
553 2266 603 2306 de
625 2267 728 2319 Rep.
747 2268 898 2308 Athen.
921 2280 1014 2320 cap.
1046 2267 1086 2308 4.
1119 2265 1348 2319 ἀντωμοσία
1381 2263 1508 2303 habet
1533 2271 1578 2303 et

122 2325 380 2375 Ilesyelzius,
422 2323 571 2363 ordine
594 2337 694 2362 suo:
729 2324 921 2376 quamvis
961 2322 1074 2376 apud
1110 2322 1286 2363 eundem
1317 2321 1361 2359 in
1389 2321 1576 2372 διομοσία

114 2381 179 2427 ,εῖτ
204 2379 436 2434 α’ντομοσία.
470 2378 562 2418 de'
536 2382 780 2444 αντωμοσίᾳ
799 2380 886 2421 vid.
919 2390 961 2420 et
985 2379 1363 2431 flarpocrationem
1392 2386 1434 2417 et
1454 2375 1575 2415 Suid.

123 2445 164 2475 et
185 2439 363 2488 L'tymol.
385 2439 582 2491 διωμοσία
603 2451 675 2490 per
699 2455 729 2477 ω
767 2434 810 2474 in
841 2435 1024 2476 secunda
1058 2436 1182 2474 etiam
1205 2435 1586 2484 Hesyclz.Harpo-1

124 2497 271 2539 etacio,
309 2495 424 2532 Suid.
456 2495 697 2546 Elymolog.
739 2502 781 2531 et
811 2492 939 2531 iidem
978 2506 1120 2531 omnes
1158 2491 1217 2530 ita
1252 2491 1462 2543 ἐξωμοσία.
1524 2492 1575 2529 H.

124 2549 218 2601 Scep
225 2551 362 2590 Ιιαηιιε
384 2549 575 2604 Adpend.
607 2549 657 2589 de
680 2551 966 2591 Dia1.Atcic
998 2563 1088 2602 cap.
1122 2546 1183 2590 16
1213 2557 1288 2589 tm.
1319 2549 1358 2588 4.
1391 2546 1466 2586 ubi
1492 2545 1580 2600 agit
