1664 3016
134 105 216 146 720
765 101 886 140 vm.
946 104 1013 144 97.

247 210 608 270 ἆμφισβητῆοιμα]
649 211 1020 269 ἀμφισβητήσιμον,
1051 216 1306 267 litigiosum:
1346 213 1481 254 Gloss.
1511 213 1587 252 ita·

136 286 219 326 que
240 274 287 313 ια’
305 268 568 326 περὶτούτων
586 266 938 325 α’μᾳισβητῆσιμα,
970 274 1064 319 illa,
1095 273 1144 310 de
1172 271 1323 325 quibus·
1354 272 1420 310 his
1450 272 1498 308 ιἰι
1523 284 1588 308 re-

134 331 208 369 bus
236 331 287 367 lis
312 330 463 366 moveri
491 336 674 380 poterat:
717 341 856 381 neque
894 327 1004 368 hanc
1034 329 1263 369 lectionem
1306 327 1429 368 alteri
1458 325 1585 369 MSS.

133 383 474 440 postponendam
494 383 618 426 duco,
1217 415 1220 418 ,

243 439 290 484 τό
310 441 482 493 δικαστ.]
518 442 655 480 Deest
671 438 718 483 τό
733 450 831 479 ante
848 442 982 484 δικασ.
1005 440 1050 480 in
1076 441 1170 482 MS.
1199 446 1313 481 Iuno.

138 524 140 527 ·
243 502 334 552 περὶ
354 499 535 552 tarpeaim]
573 498 667 540 MS.
697 502 792 552 περὶ
819 500 988 552 ταμίων.
1047 499 1116 537 De
1139 501 1303 552 ταμίαις
1331 491 1416 540 vid.
1442 497 1583 548 Sigon.

131 555 206 597 lib.
227 570 289 594 xv.
308 554 358 595 de
377 557 483 608 Rep.
506 555 661 594 Athen.
685 569 721 596 c.
746 554 784 596 5.
804 555 999 595 meminit
1018 563 1061 594 et
1080 553 1153 597 lib.
1185 571 1215 596 1.
1241 570 1274 597 c.
1295 555 1337 597 4.
1399 555 1448 592 In
1469 554 1580 592 Lab.

131 614 226 652 baei
256 611 418 651 Codice
455 611 708 653 adnotatur:
758 613 904 665 ταμίας
935 613 1007 662 τῆς
1035 612 1134 653 θεοῦ
1158 620 1219 650 σεε
1243 610 1361 666 apud
1383 610 1582 650 Aeschin.

136 671 200 712 15.
221 666 387 709 scilicet
416 669 625 709 Oratione
646 677 791 707 contra
818 669 1028 708 Timar-cli.
1058 674 1170 709 Iuno.

242 727 385 780 ταμίαι
402 727 472 776 τῆς
489 724 610 780 θεοῦ]
642 725 855 768 Demos-th.
886 736 1030 764 contra
1064 727 1238 764 Timoor.
1267 728 1306 767 οἱ
1327 725 1484 778 ταμίαι,
1515 721 1586 776 ἐφ’

131 782 186 825 ὥν
209 781 518 838 ὁόπισθόδομος
532 780 777 835 ἐνεπρήσθη,
810 783 876 823 καὶ
897 786 935 825 οἱ
966 782 1047 824 τῶν
1069 783 1139 832 τῆς
1173 786 1308 830 θεοῦ,
1338 782 1408 823 καὶ
1430 786 1469 824 οἱ
1505 783 1585 822 ταῖν

129 843 262 883 ἄλλων
280 839 406 881 θεῶν.
437 839 513 878 ubi
538 839 750 892 Ulpianus.
809 837 946 878 Iidem
970 847 1089 878 erant
1109 841 1251 890 ταμίαι
1269 839 1473 890 δημοσίων
1490 853 1583 892 χρη·

128 897 277 953 μάτων,
306 911 386 935 nec
419 896 592 936 deerant
620 896 695 934 alii
721 897 886 948 ταμίαι,
928 904 1183 950 quaestores.
1223 909 1301 948 pro
1327 909 1371 934 re
1405 903 1502 934 nata
1532 893 1582 933 ad

127 955 343 1008 publicam
362 953 569 1006 pecuniae
593 951 950 1006 dispensationem
976 954 1020 991 in
1044 962 1180 991 certos
1199 965 1298 990 usus
1321 951 1466 990 creati.
1496 949 1582 992 vid.

128 1012 203 1052 lib.
227 1026 260 1053 ι,
280 1010 330 1049 ab
354 1010 497 1056 initio,
522 1019 571 1048 vet
594 1010 712 1052 Suid.
739 1010 783 1047 in
808 1011 961 1062 ταμίαι,
993 1018 1035 1049 et
1061 1008 1221 1049 Valesii
1237 1008 1374 1047 Notas
1402 1008 1446 1046 in
1469 1007 1584 1046 Har-

126 1076 288 1121 pocrat.
318 1066 528 1105 Demosth.
573 1075 718 1104 contra
752 1067 930 1105 Androt.
969 1065 994 1108 ὁ
1023 1069 1103 1108 ταῖν
1135 1065 1408 1120 τριηροποιαῖν
1437 1066 1584 1118 ταμίας

127 1123 314 1165 erm-huc
333 1122 486 1162 alludit
510 1124 639 1161 Plato
661 1122 756 1162 libr.
777 1137 842 1161 vr.
864 1123 914 1163 de
934 1123 988 1162 L.
1016 1123 1069 1163 L.
1093 1122 1167 1161 ubi
1188 1121 1356 1175 τιμητὰς
1372 1121 1479 1176 legit
1498 1119 1584 1163 tim)

126 1183 325 1236 μεγίστων
343 1177 592 1234 τιμημάτων.
624 1179 787 1219 Pettius
807 1179 850 1217 in
876 1180 926 1219 L.
946 1180 998 1219 L.
1021 1180 1186 1218 Atticas
1207 1189 1333 1233 negat
1361 1177 1475 1217 hunc
1495 1193 1581 1217 ma-

127 1239 346 1295 gistratum
368 1235 571 1288 κληρωτόν
592 1236 742 1281 fuisse.
775 1235 959 1289 ideoque
993 1236 1170 1289 corrigit
1187 1235 1302 1274 hunc
1323 1238 1480 1280 locum,
1511 1235 1580 1274 sed

127 1297 219 1335 sine
254 1295 533 1343 necessitate;
572 1307 667 1331 nam
697 1293 798 1331 licet
824 1293 1008 1343 fuerint,
1050 1292 1203 1345 quibus
1236 1306 1334 1331 nonv
1354 1300 1479 1342 sorte,
1509 1291 1580 1330 sed

126 1351 336 1393 electione
369 1350 555 1405 contigit
595 1349 735 1388 honor
770 1349 863 1400 ille3
902 1348 984 1388 hoc
1013 1357 1149 1388 tamen
1183 1363 1268 1388 non
1305 1345 1453 1398 efficit,
1495 1362 1577 1401 quc

125 1408 267 1449 minus
300 1408 448 1447 Nostri
485 1418 642 1446 stemus
676 1406 873 1456 iudici03
913 1405 1039 1445 fiebat
1068 1406 1179 1444 enim
1217 1403 1261 1444 id
1292 1405 1430 1458 ipsum
1463 1415 1578 1444 extra

123 1464 332 1514 'ox-dinem,
372 1464 414 1502 in
443 1464 660 1507 honorem
679 1463 845 1502 scilicet
877 1463 1065 1503 virorum
1094 1461 1342 1511 illustrium,
1377 1470 1428 1500 ut
1454 1461 1578 1500 missa

123 1530 249 1573 sorte,
282 1522 493 1576 suffragiis
514 1529 764 1561 crearentur,
796 1525 940 1561 Kumm.

235 1582 503 1621 πεντακοσίων
528 1577 745 1633 μὸδίμνων]
776 1577 937 1617 Melius
964 1574 1122 1614 Suidae
1153 1574 1299 1630 iungit
1323 1588 1581 1617 πεντακοσιο-

121 1637 342 1691 μεδίμνων,
375 1650 452 1675 nec
476 1636 598 1674 aliter
615 1637 796 1685 Interpr.
826 1641 971 1673 Kumm.

234 1695 507 1736 πεντακοσίων
525 1691 749 1747 suolmam]
781 1692 850 1731 Sic
870 1700 911 1730 et
941 1689 1034 1729 MS.
1058 1702 1109 1741 an
1141 1697 1279 1727 tamen
1313 1687 1460 1741 potius
1487 1703 1578 1730 πεν-

120 1753 490 1802 τακοσιομεδίμνων
525 1763 607 1788 una
642 1763 746 1788 voce
771 1745 1032 1801 legendum?
1073 1754 1121 1783 ut
1149 1757 1189 1784 et
1217 1745 1327 1783 infra
1354 1755 1416 1785 est
1449 1759 1576 1796 segm-

124 1821 215 1864 129.
233 1822 332 1847 sane
347 1807 450 1846 mihi
472 1806 531 1846 sic
551 1804 740 1856 videtur,
771 1819 848 1843 nec
869 1813 1010 1856 putem
1029 1803 1252 1854 Sigonium
1274 1802 1397 1842 aliter
1412 1803 1577 1856 legisse,

121 1868 194 1920 qui
218 1865 320 1904 haec
341 1864 455 1903 dicto
480 1864 578 1902 libr.
605 1877 668 1903 iv.
689 1877 778 1916 cap.
800 1859 836 1901 5.
864 1862 1163 1912 interpretans,
1197 1873 1249 1899 ex
1270 1860 1338 1908 iis,
1370 1861 1444 1912 qui
1459 1861 1579 1911 quin-

121 1921 395 1976 quemodiales
417 1919 754 1972 appellabantur,
789 1917 906 1958 dicit.
938 1921 1045 1955 Iuno.
1072 1939 1075 1942 ⁴

231 1980 507 2019 πεντακοσίων
532 1978 749 2029 μεδίμνων]
793 1973 879 2013 Cur
911 1987 1011 2012 vero
1042 1972 1143 2011 huic
1174 1974 1365 2026 vulgatae
1397 1970 1575 2011 lectioni

117 2035 245 2074 etiam
269 2048 289 2072 a
313 2034 436 2074 MSS.
459 2032 647 2072 adsertae
669 2033 934 2079 haereamus,
977 2044 1069 2068 cum
1110 2030 1183 2067 illa
1217 2027 1490 2080 praeferenda
1517 2027 1575 2066 sit

116 2094 260 2146 longe,
293 2104 415 2143 quam
440 2104 496 2129 ex
515 2088 705 2130 Kuelmii
731 2087 1028 2127 emendatione
1054 2086 1097 2124 in
1127 2095 1289 2124 textum
1319 2082 1574 2124 retulimus?

121 2150 284 2202 Ταμίαν
304 2148 479 2185 Glossae
493 2155 750 2198 quaestorem
770 2152 1006 2197 exponunt,
1042 2156 1179 2195 neque
1196 2144 1323 2181 male:
1353 2154 1439 2180 non
1462 2141 1574 2180 enim

116 2205 205 2244 fuit
229 2201 436 2242 dissimile
460 2206 583 2255 plane
605 2203 829 2254 utriusque
852 2213 1015 2238 munus.
1074 2199 1226 2253 Neque
1255 2208 1417 2236 tantum
1437 2196 1482 2235 hi
1506 2211 1574 2236 so-

114 2263 148 2301 li
169 2262 289 2300 fuere
315 2259 494 2299 Athenis
519 2261 675 2313 ταμίαι,
708 2258 777 2297 sed
801 2269 842 2297 et
868 2259 1010 2308 ταμίαι
1036 2256 1114 2298 τῶν
1145 2254 1344 2308 τριηρῶν,
1389 2253 1463 2306 qui
1494 2268 1575 2305 pe-

117 2319 268 2371 quniae
294 2317 339 2355 in
362 2316 552 2356 triremes
573 2316 895 2368 classiariosque
923 2312 1230 2366 impendendae
1266 2324 1406 2349 curam
1438 2308 1574 2349 habe-

114 2375 241 2416 bant:
281 2373 406 2414 docet
447 2386 498 2412 ex
525 2373 729 2424 Eupolide
762 2373 1078 2422 Harpocratio,
1119 2381 1348 2420 eorumque
1379 2366 1573 2405 meminit

114 2431 421 2471 Demosthenes.
454 2430 624 2483 plenius
646 2438 782 2468 tamen
805 2428 1116 2480 aliquantulum
1140 2439 1259 2479 quam
1284 2426 1573 2474 Harpen-ratio

115 2490 166 2529 de
191 2489 243 2526 iis
266 2487 392 2527 habet
410 2488 699 2540 Etymologus',
733 2485 805 2538 qui
828 2494 868 2523 et
894 2483 1085 2536 ἄρχοντας
1114 2479 1413 2537 χειροτονηιοιῗς
1441 2479 1572 2518 fuisse

113 2545 270 2598 inquit,
289 2558 380 2584 cum
404 2544 470 2583 illi
490 2542 707 2598 wffl'a0‚de
733 2541 886 2596 quibus
905 2541 1057 2580 Pollux
1081 2550 1237 2591 noster,
1263 2540 1456 2592 κληρωτοὶ
1481 2536 1571 2575 fue·

110 2603 214 2643 rint.
