1696 3028
683 142 761 184 VI.
822 146 916 187 180.
1444 145 1524 184 201

119 260 363 316 “““’“μίμιημα]
414 259 571 315 μίμημα
598 256 715 300 abest
744 270 767 296 a
796 255 844 301 C.
867 255 918 296 A.
938 264 990 296 ut
1016 265 1060 297 et
1079 263 1178 310 post
1192 253 1364 311 τόξευμα
1383 256 1527 296 omnia

69 330 180 374 qnae
209 322 468 372 sequuntur,
498 330 631 374 usque
659 314 711 354 ad
733 313 944 368 κωλύματα
962 328 1090 370 segm.
1113 311 1206 356 185.
1265 317 1413 355 Ku‘mn.

181 375 365 429 μίμημα]
395 375 534 416 Deest
554 374 600 413 in
623 372 719 415 MS.
739 374 906 427 μίμημα.
940 371 1078 426 Supra
1091 384 1125 421 1,
1141 384 1182 424 7.
1205 371 1305 412 MS.
1322 370 1529 425 μιμήματα

69 430 253 486 habebat
271 431 454 472 auctius.
507 431 656 472 Cetera
680 429 822 470 omnia
833 443 969 485 usque
989 427 1042 469 ad
1059 426 1269 483 κωλύματα
1285 442 1415 486 segm.
1440 428 1528 477 135.

71 487 227 530 desunt
243 501 432 544 prorsus.
471 487 547 530 sed
566 487 613 528 in
631 487 818 543 vulgatis
848 484 1053 541 quaedam
1070 484 1327 526 adnotanda.
1366 491 1471 527 Iunc.

183 598 411 660 πρὸστιμα]
442 601 562 660 Quid
582 612 647 644 est
661 549 874 657 noddrgtgo.
897 598 984 640 nisi
1003 612 1092 640 vox
1103 597 1178 638 hic
1196 598 1368 655 quidem
1384 599 1530 642 nihili.

72 674 237 716 repono
264 659 467 702 audacter
492 662 757 716 προστίμημα.
798 657 891 700 vid.
922 657 1314 710 Harpocrationom.
1332 657 1462 698 immo
1489 667 1535 698 et

0 714 5 716 ’
72 716 281 759 Nostrum
301 718 415 758 infra
436 733 546 769 vnr,
569 729 637 759 22.
658 727 704 758 et
728 719 818 774 149.
876 721 979 757 Iuno.

186 772 326 829 νᾶμα]
354 779 465 829 νᾶμα
488 774 646 816 scribas
668 775 782 815 forte
796 773 963 815 melius.
1018 776 1126 811 Iunc.

184 833 342 890 γνῶμα]
370 832 543 874 Dubito
562 830 615 873 de
632 835 786 888 γνῶμα.
814 830 947 870 Licet
966 829 1080 869 enim
1101 841 1192 869 non
1213 827 1408 885 ignorem
1427 843 1537 886 quae

74 889 148 932 vel
170 898 319 931 noster
346 889 506 930 scribat
533 887 587 930 de
614 887 699 929 hoc
729 890 983 945 γνωριστικῷ
1007 882 1165 939 ἡλικίας
1190 884 1320 926 deute
1344 886 1391 925 iu
1412 887 1535 955 equis

75 961 202 1003 supra
223 963 256 999 1,
279 943 384 994 ιδ’).
403 947 450 986 iu
469 945 567 989 MS.
587 945 822 988 tamenhic
838 944 955 985 inter
984 942 1059 982 illa
1084 939 1186 986 καθ’
1218 940 1364 996 ὁμοίου
1390 957 1538 998 σχημα·

74 1022 143 1054 τος
163 1019 189 1045 ει
209 1004 383 1044 Polluce
410 1002 615 1058 scriptum
636 1011 783 1059 putem
805 999 939 1043 aliud.
999 998 1132 1056 Quod
1153 1000 1245 1041 fors
1261 1000 1411 1055 fuerit,
1441 1003 1539 1043 siet

76 1061 186 1102 mihi
206 1059 480 1102 coniectandi
501 1060 584 1110 ius,
614 1057 835 1118 γνώρισμα.
863 1064 972 1098 que.

184 1117 383 1174 αἰσίωμα]
423 1118 509 1158 Pro
543 1119 715 1171 αἷσὶωμα
742 1115 853 1158 Clar.
890 1129 1009 1156 meus
1037 1114 1256 1156 Kudmiue
1286 1114 1335 1156 in
1363 1114 1540 1157 Codicis

77 1175 146 1216 sui
168 1189 242 1216 ora
265 1177 371 1219 αἰτία
388 1173 615 1230 legendum
633 1175 826 1216 coniicit.
1590 1181 1593 1184 '

189 1230 450 1288 ἐπιθύμημα]
491 1230 727 1286 ἐπιθύμημα
756 1229 903 1272 mendi
934 1239 1176 1285 suspectum
1208 1228 1318 1271 mihi
1343 1240 1419 1274 est.
1488 1230 1541 1271 Id

78 1289 193 1333 enim
220 1290 406 1331 inferius
437 1302 568 1345 segm.
601 1287 691 1333 185.
733 1304 788 1331 ex
815 1289 1078 1340 Antiphonte
1097 1287 1243 1339 habes,
1271 1286 1348 1327 ubi
1380 1299 1424 1328 et
1440 1290 1540 1330 MS.

80 1347 319 1405 adgnoscit.
346 1347 483 1401 §upra
507 1346 634 1387 etiam
655 1362 710 1397 11,
743 1343 836 1388 256.
855 1347 1034 1384 Platoni
1052 1343 1378 1385 attribuebatur.
1421 1345 1542 1401 Quid

80 1405 227 1461 itaque
252 1417 336 1459 pro
358 1403 493 1459 priori
519 1403 597 1444 illo
625 1402 919 1458 reponendum
949 1402 1021 1448 sit,
1059 1400 1172 1441 haud
1206 1401 1384 1454 dixero,
1414 1419 1543 1458 quum

81 1460 245 1518 duplex
268 1470 462 1502 occurrat
484 1461 747 1514 coniectura,
780 1463 925 1512 altera,
958 1472 1086 1513 posse
1117 1472 1197 1499 nos
1219 1458 1403 1499 scribere
1420 1459 1543 1504 ἐνθύ-

79 1535 212 1574 μημαι
239 1521 312 1560 vel
342 1517 460 1575 quod
492 1518 606 1559 forte
635 1532 726 1558 nou
754 1518 896 1557 minus
926 1515 1036 1557 mihi
1064 1515 1285 1570 probetur,
1315 1516 1543 1574 ἔπι-τίμημα.

77 1583 262 1620 quenum.

193 1687 426 1746 λοιδόρημα]
458 1690 542 1731 Par
561 1703 656 1730 cum
673 1689 811 1746 priori
840 1686 1078 1745 ἐπιθύμημα
1098 1689 1271 1740 vitium,
1303 1691 1376 1731 cui
1403 1701 1544 1734 tamen

82 1762 225 1803 parem
245 1747 550 1804 medelam-ego
569 1747 777 1789 mehercle
795 1747 961 1790 nescio:
1016 1746 1162 1788 Habes
1182 1748 1296 1788 enim
1315 1747 1390 1788 hic
1416 1748 1547 1793 λοιδό-

85 1823 205 1861 ρημα,
231 1805 363 1847 habes
381 1804 495 1846 idem
517 1814 561 1846 et
578 1819 709 1861 segm.
733 1803 825 1848 182.
884 1806 1003 1845 Dum
1025 1805 1103 1847 alii
1127 1805 1285 1845 rectius
1315 1805 1547 1847 medebun..

84 1873 178 1915 tur,
217 1876 298 1918 ego
326 1861 500 1903 interim
528 1865 778 1904 alterutrum
808 1860 1036 1903 delendum
1066 1862 1245 1917 putabo.
1306 1863 1547 1905 Scribarum

85 1919 394 1975 negligentiam
416 1919 463 1958 in
486 1918 570 1959 hoc
589 1929 763 1960 auctore
786 1918 1149 1976 deprehendimus
1170 1934 1297 1975 saepe
1324 1917 1395 1963 ἐπ’
1430 1919 1549 1966 αὐτό-

85 1976 250 2034 γράφῳ.
278 1970 359 2015 ιιέο
383 1975 642 2017 coniecturis
660 1991 825 2032 semper
852 1975 1078 2032 indulgere
1095 1987 1222 2018 vacat
1242 1977 1436 2020 diutius:
1471 1995 1551 2020 nec

85 2033 308 2090 ingenium
333 2032 440 2071 mihi
459 2031 514 2073 ad
536 2033 702 2087 aptiora
734 2033 1142 2075 comminiscendum
1167 2035 1287 2078 felix.
1346 2035 1466 2076 Idem
1488 2036 1553 2077 di·

88 2102 204 2132 ctum
222 2089 276 2132 de
296 2103 346 2130 eo
367 2088 486 2142 quod
507 2105 608 2129 mox
629 2104 759 2146 segm.
784 2097 876 2138 132.
907 2092 1052 2145 θέαμα.
1084 2095 1264 2132 relatum
1295 2093 1410 2134 euim
1438 2095 1551 2135 iuter

86 2149 170 2189 ista
188 2153 263 2191 τοῦ
279 2143 469 2189 τοιούτου
485 2144 684 2202 σχήματος
703 2162 727 2187 a
742 2149 921 2188 Polluce
938 2148 1023 2188 iam
1045 2149 1135 2188 fuit
1159 2164 1227 2201 VI,
1263 2164 1355 2205 ¹79·
1383 2150 1459 2190 ubi
1492 2161 1552 2191 et-

89 2206 174 2246 iam
193 2205 239 2244 in
256 2203 350 2246 MS.
370 2203 472 2245 fuit.
530 2205 590 2243 Et
609 2204 683 2245 hic
701 2214 842 2245 tamen
863 2220 958 2246 cum
978 2204 1166 2261 ἄκουσμα
1186 2221 1275 2246 non
1296 2211 1403 2248 male
1424 2209 1554 2249 etiam

86 2266 230 2304 locum
251 2261 395 2302 habet.
459 2261 568 2316 Θὲμα
589 2262 664 2302 cui
696 2263 823 2303 facile
852 2262 900 2302 in
927 2273 1114 2304 mentem
1143 2264 1303 2304 veniat.
1362 2264 1449 2306 Sed
1476 2280 1555 2303 nu·

90 2319 182 2376 gari
203 2319 339 2359 nolim
360 2318 542 2372 prolixe.
599 2317 715 2360 Satis
738 2333 827 2360 ease
844 2328 990 2375 potest
1008 2334 1089 2361 nos
1119 2335 1207 2361 non
1226 2320 1333 2361 haec
1361 2321 1554 2362 inobser-

89 2386 189 2416 vata
206 2375 450 2430 reliquisse,
484 2375 559 2415 sed
584 2374 812 2426 indicasse,
844 2390 931 2431 quo
950 2378 1157 2418 maiorum
1185 2379 1377 2434 gentium
1400 2378 1555 2429 critici,

92 2442 136 2474 et
166 2433 241 2488 qui
273 2431 440 2473 iudicio
482 2432 747 2489 ingenioque
776 2437 923 2474 valent
954 2432 1007 2474 de
1036 2434 1104 2475 his
1136 2435 1336 2476 omnibus
1364 2444 1558 2476 statuant

92 2491 260 2532 rectius.
294 2496 397 2533 que.

173 2593 182 2600 ,
204 2546 320 2600 ἕρμα]
349 2546 402 2586 In
428 2547 498 2586 (Η.
519 2546 719 2597 Saburra,
747 2547 938 2598 fultura.
966 2555 1110 2589 Kum.

207 2602 401 2660 αὔλημα.]
436 2602 598 2659 αὔλημα
616 2613 769 2643 cantus
788 2604 932 2646 tibiae.
960 2612 1104 2647 Kuunx-

208 2661 375 2717 φλέγμα]
406 2663 562 2719 φλέγμα
578 2664 755 2715 pituita.
787 2668 929 2703 Kum.
