1664 3016
657 118 937 163 VHI.104.
1444 123 1527 165 737

71 227 303 285 ordnung,
342 245 436 272 cum
466 231 511 270 in
538 230 765 270 manifesto
799 229 952 271 mendo
981 230 1097 272 illam
1125 233 1338 287 vulgatam
1375 246 1523 272 vocem

70 287 201 329 MSS.
223 301 305 340 ope
325 286 709 342 deprehendamus:
744 297 859 328 recte
878 296 1016 327 tamen
1036 286 1147 328 idem
1170 291 1378 343 χοιριδίοις
1395 288 1526 329 habet

72 353 117 383 et
135 345 354 409 χοιρίδιον,
385 357 508 399 quarn
529 344 663 397 ipsam
684 342 914 383 lectionem
937 344 1267 397 Falekenburgii
1284 344 1433 386 Codex
1451 359 1526 400 ag.

69 400 239 448 noseit,
269 413 444 455 eamque
462 400 506 438 in
532 409 655 439 textu
677 398 824 440 ducem
851 409 1059 454 sequutus
1077 401 1314 440 Kuelmium
1331 399 1522 441 exhibui.

68 456 144 496 De
172 455 253 495 hac
279 465 421 495 autem
438 458 551 495 facta
577 469 653 509 per
674 456 885 508 porcellos
907 455 1158 510 expiatione
1179 456 1380 498 disseruit
1396 460 1525 501 lucu-

69 513 208 553 lenter
225 511 294 552 vir
310 511 428 552 omni
447 511 574 552 laude
595 512 730 551 maior
750 513 861 552 Sam.
886 512 1128 552 Boc-hart.
1114 527 1159 551 m
1178 511 1347 557 Hieron

181 567 409 623 χειριδίοις]
447 569 657 622 χοιριδίοις
682 568 862 623 legimus
893 567 940 607 in
968 571 1191 620 specimine
1221 568 1265 613 h.
1290 572 1318 613 l.
1338 579 1381 610 et
1398 584 1522 620 mox3

71 637 195 680 quam
220 625 450 666 lectionem
477 625 601 666 MSS.
628 634 670 663 et
689 625 872 665 Salmas.
895 625 1161 675 confirmant,
1191 639 1270 666 nec
1290 626 1413 667 aliter
1434 627 1525 667 He.

70 681 183 735 eych-
198 681 459 733 Harpocrat.
477 682 521 720 in
542 681 733 746 κάθαρμα
748 691 790 721 et
810 678 1060 748 καθάρσιον·
1087 684 1237 733 parvis
1257 682 1369 721 enim
1382 697 1525 734 porcis

67 737 349 792 peragebatur
374 736 479 778 haec
506 738 721 791 expiatio,
761 738 834 792 qui
858 747 900 778 et
923 734 1124 790 καθάρσια
1145 736 1409 778 dicebantur.
1468 740 1526 779 Et

69 793 175 832 alias
211 794 407 832 Echnicis
437 808 564 846 porca
602 808 719 834 caesa
754 803 975 846 procurata
1003 802 1103 832 sunt
1123 808 1238 833 sacra
1272 795 1523 847 expiatoria.

66 849 179 890 Nam
200 850 413 904 mysteriis
430 852 655 890 Eleusiniis
687 848 940 890 imbuendus
971 859 1069 889 ante
1086 853 1266 903 porculo
1288 864 1333 892 se
1352 852 1525 892 lustrari

70 905 256 948 curabat.
285 908 506 959 Aristoph.
529 907 572 945 in
598 907 730 947 Pace:

289 965 347 1012 εἰς
360 961 556 1018 χοιρίδιόν
574 981 642 1017 μοι
664 967 740 1004 νῦν
760 958 937 1005 δᾶνεισιν
962 967 1070 1015 τρεῖς
1090 959 1286 1017 δραχμάς·

286 1023 350 1063 δεῖ
364 1019 439 1075 γὰρ
462 1021 676 1074 μυηθῆναί
694 1036 741 1072 με
754 1036 850 1074 πριν
865 1020 1112 1072 τεθνηκέναι.

293 1079 392 1116 Des
403 1077 580 1126 foenera
602 1076 829 1115 drachmae
848 1075 910 1114 ad
924 1076 1144 1126 porculum
1168 1076 1298 1127 mihi,-

290 1147 473 1186 namque
495 1140 595 1171 ante
612 1141 781 1171 mortem
802 1140 962 1184 oportet
979 1135 1061 1170 sim
1082 1135 1294 1173 initiatus.

68 1189 200 1244 Apud
232 1179 385 1230 Horat.
411 1188 487 1227 lib.
511 1204 565 1230 u.
593 1188 719 1231 Serm
745 1187 785 1229 5.
805 1188 1110 1242 paterfamilias
1131 1187 1301 1227 domum
1320 1187 1528 1228 lustratu-

66 1263 139 1288 rus
156 1261 327 1300 porcum
347 1247 539 1284 immolat
575 1245 778 1285 Laribus.
838 1245 1017 1284 Insanos
1038 1254 1079 1284 et
1103 1244 1230 1284 furiis
1251 1244 1436 1298 agitatos
1455 1260 1527 1284 sa-

67 1304 199 1344 nabat
232 1301 383 1342 itidem
411 1304 559 1340 amica
587 1303 676 1340 luto
701 1316 784 1340 sus.
842 1300 1020 1340 Plautus
1051 1300 1095 1339 in
1125 1302 1315 1343 Meneclz.
1348 1302 1442 1343 Act.
1473 1318 1525 1342 11.

67 1375 125 1403 sc.
149 1372 188 1401 2.
214 1373 293 1400 nec
313 1357 394 1397 alia
421 1358 597 1398 victima
621 1356 767 1398 caedes
788 1357 1093 1411 expiabantur,
1105 1368 1154 1396 ut
1175 1356 1320 1398 videre
1332 1367 1397 1397 est
1413 1358 1526 1412 apud

66 1418 269 1471 Apollon.
292 1415 368 1454 lib.
386 1429 447 1458 iv.
467 1416 629 1466 Argon.

286 1476 423 1526 πρῶτα
441 1471 512 1539 μὲν
533 1469 742 1525 ἀτρέπτοιο
762 1465 950 1525 λυτήριον
966 1486 1040 1540 ηγε
1060 1467 1207 1521 φόνοιο
1226 1478 1310 1511 etc.

66 1529 146 1569 ubi
179 1529 373 1579 Scholia,
415 1525 628 1581 λυτηριον,
662 1527 896 1596 inquiunt,
934 1524 977 1568 τὸ
1002 1524 1228 1596 καθάρσξον
1250 1527 1374 1582 λέγει,
1406 1545 1427 1569 o
1449 1527 1528 1570 ἔστι

66 1589 266 1642 χοιρίδιον
285 1583 444 1640 μικρὸν,
472 1601 569 1638 οπερ
590 1587 632 1627 οἵ
649 1582 876 1639 ἇγνίζοντες
891 1580 1101 1633 θύσαντες,
1131 1600 1201 1632 τας
1222 1589 1363 1648 χεῖρας·
1370 1588 1442 1626 τοῦ
1460 1582 1528 1640 ἆγ-

65 1643 280 1697 νιζομένου
299 1646 358 1699 τῷ
381 1643 517 1694 αιματι
536 1639 659 1683 αυτοῦ
678 1642 881 1694 βρέχουσι·
910 1640 1119 1694 sanguine
1138 1640 1304 1679 scilicet
1325 1640 1418 1679 eius
1439 1642 1528 1680 ani-

67 1702 207 1750 malis,
248 1685 364 1752 quod
383 1698 579 1752 proxime
604 1697 655 1736 ad
675 1697 862 1736 hominis
884 1706 1075 1735 naturam
1104 1694 1270 1736 accedit
1291 1696 1469 1750 quoad
1458 1712 1529 1736 m-

67 1756 226 1796 teriora
245 1755 422 1804 viscera,
446 1752 737 1794 efficacissime
759 1752 984 1794 credebant
1006 1751 1231 1791 humanam
1255 1752 1420 1793 caedem
1445 1768 1529 1794 ex-

67 1812 183 1866 piari
203 1825 340 1866 posse.
371 1811 490 1854 conf
514 1811 695 1864 Hesyelz.
722 1810 765 1848 in
782 1808 1021 1864 Ἀφροδισία
1044 1807 1158 1863 ἄγρα.
1196 1811 1446 1848 Pausanias
1469 1821 1527 1850 et-

68 1870 151 1908 iam
173 1884 205 1907 ι.
219 1869 362 1908 Eliac.
382 1885 522 1921 χοιοον
532 1869 662 1907 refert
682 1865 955 1921 ἐπιτήδειον
916 1884 1017 1909 ειναι
1030 1865 1133 1921 πρὸς
1150 1863 1378 1919 καθαρμόν.
1410 1865 1527 1906 Idem

70 1924 248 1966 denotat
284 1924 547 1963 Plutarchus
582 1923 627 1962 in
666 1924 884 1977 Praecept.
932 1922 1064 1963 Polit.
1102 1922 1153 1962 de
1190 1921 1529 1963 Atheniensibus

69 1982 130 2021 ita
148 1984 355 2035 loquens:
384 1977 454 2022 τὸν
474 1981 516 2022 δὲ
544 1978 613 2022 ἐν”
603 1985 728 2049 Αργει
747 1978 976 2049 πυθόμενοι
1000 1977 1278 2049 σκυταλισμόν,
1308 1980 1350 2022 ἐν
1373 1978 1402 2035 ᾧ
1425 1997 1531 2022 πεν-

66 2040 283 2086 τακοσίους
302 2038 370 2079 και
385 2038 536 2091 χιλίους
562 2032 821 2106 ἀνῃρήκεσαν
847 2039 887 2087 ἐξ
906 2033 1036 2079 αυτῶν
1059 2038 1101 2079 οἷ
1116 2033 1294 2091 Ἀργεῖοι,
1325 2052 1531 2091 περιενεγ-

67 2101 153 2138 κεῖν
173 2092 400 2146 καθαρσιον
415 2095 505 2148 περὶ
523 2092 598 2146 τήν
621 2096 832 2159 ἐκκλησίαν
846 2095 1066 2136 ἐκέλευσαν.
1121 2092 1248 2133 Unde
1267 2102 1404 2132 autem
1418 2092 1530 2146 Scy-

67 2151 262 2191 talismus
282 2152 354 2191 ille
374 2164 527 2189 nomen
549 2151 741 2202 traxerit,
760 2151 940 2190 Photius
960 2149 1085 2190 docet
1103 2147 1208 2190 God.
1232 2161 1282 2203 27
1259 2163 1326 2205 79
1359 2163 1436 2202 pro
1450 2163 1529 2204 qua

69 2207 352 2247 annotatione
375 2205 536 2246 demam
555 2206 701 2246 Photm
719 2207 917 2246 mendum
940 2207 995 2246 ali
1029 2204 1116 2246 uod
1141 2205 1247 2246 Cod.
1268 2204 1362 2246 242.
1359 2163 1457 2243 pubi
1479 2204 1531 2245 de

68 2263 512 2304 IsidoroDamawiuS:
531 2258 583 2315 ἧν
606 2263 686 2306 δὲ’
669 2262 807 2313 ικανός
827 2267 980 2313 διϊδεῖν,
1012 2280 1091 2315 om]
1112 2279 1153 2304 τε
1168 2258 1382 2315 θησαυρὸν
1404 2261 1531 2316 φθέγ-

67 2337 176 2377 γεται
206 2319 228 2364 ὅ
255 2318 397 2376 λόγος,
440 2321 507 2361 καὶ
540 2318 618 2372 ὅπη
647 2316 778 2374 ’ὗγιὲς
817 2320 932 2376 quod
965 2320 1162 2359 schottus
1185 2317 1338 2358 vertit.
1364 2325 1531 2369 poterat

68 2380 304 2430 perspicere,
337 2377 444 2430 quid
468 2377 728 2415 reconditum
744 2384 896 2430 tegeret
919 2379 1077 2426 oratio,
1111 2373 1263 2426 quidve
1281 2389 1430 2412 sanum
1452 2376 1530 2412 in·-

71 2442 188 2474 esset.
248 2434 400 2475 Voluit
432 2433 506 2473 ille
535 2434 730 2473 versione
754 2445 972 2498 utcunque
991 2443 1131 2487 tegere
1154 2428 1347 2470 mendum
1371 2443 1530 2469 recon-

70 2488 234 2540 ditum,
263 2489 338 2530 sed
366 2490 535 2529 frustra.
593 2489 738 2528 Nimis
768 2490 881 2530 enim
901 2489 1175 2533 manifestum
1196 2495 1259 2526 est
1279 2496 1528 2538 monstrum,

72 2544 188 2600 quod
221 2547 297 2586 alit
316 2546 423 2587 haec
445 2544 636 2598 phrasis,
669 2545 885 2601 θησαυρὸν
910 2546 1126 2600 φθέγγεται
1148 2541 1171 2585 6
1191 2540 1331 2612 λόγος,
1362 2542 1530 2581 thesau-

69 2617 163 2642 rum
188 2611 313 2642 sonat
341 2605 492 2646 oratio.
550 2601 803 2658 Legendum
833 2603 997 2643 scilicet
1022 2610 1103 2652 est,
1135 2597 1292 2654 σαθρὸν
1314 2605 1391 2653 q&-
1412 2613 1529 2638 men-

111 2669 240 2705 Pollux
267 2669 346 2706 Vol.
374 2671 412 2705 V
411 2696 423 2708 .
1132 2667 1171 2707 A
1189 2680 1210 2706 a
1231 2680 1254 2705 a
