1664 3016
133 163 216 205 822
737 153 858 196 VIII.
923 158 1016 200 152.

137 269 278 315 λῶνιον
298 270 324 320 ἦ
351 267 518 320 δεκάτη,
548 266 743 319 δεδήλωκε
778 267 1042 322 Δημοσθένης
1076 269 1116 310 ἐν
1147 267 1206 322 τῷ
1231 267 1327 318 περῖ
1345 263 1428 310 τῶν
1455 261 1593 309 uldin·

140 330 213 381 qui
246 327 373 368 iidem
411 336 452 366 et
483 321 764 379 δεκατηλόγοι,
794 335 842 364 ut
889 325 1001 378 apud
1033 324 1199 366 eosdem
1230 323 1374 374 habes,
1409 322 1458 364 et'
1479 324 1594 364 infra

138 386 217 436 IX,
250 397 317 439 29.
374 385 432 424 Et
466 383 573 422 idem
611 381 720 421 illud
748 378 1060 436 δεκατευτήρια,
1090 396 1143 422 ne
1174 391 1419 421 extraneum
1444 390 1594 420 testem

140 455 345 481 arcessere
378 455 483 494 opus
512 439 752 490 habeamus,
786 439 859 479 ille
892 440 1043 479 Noster
1081 437 1239 493 repetit
1275 437 1390 476 infra
1421 437 1500 489 IX,
1530 448 1597 494 29.

141 500 373 539 Iunonum.

251 552 490 608 ὁεκατήρια]
521 553 737 603 Restitui,
771 561 901 606 prout
921 561 985 592 est
1005 551 1050 590 in
1071 550 1190 593 MSS.
1217 546 1520 606 dezatevtrq'pm·
1553 556 1599 590 et

141 612 197 651 ita
226 613 381 650 Pollux
418 611 501 658 IX,
532 607 597 650 28.
656 610 902 649 praeiverat
922 609 1153 647 Kuehnias.
1185 617 1248 647 est
1280 607 1423 663 itaque
1444 607 1598 647 Pollu-

140 671 202 707 cei
222 669 309 708 loci
333 682 496 718 sensus,
532 675 571 706 et
592 665 822 719 aliquando
843 680 1004 719 quoque
1025 665 1198 703 cellulae
1219 664 1467 718 colligendis
1484 663 1599 702 deci-

142 728 222 764 mis
245 734 345 764 sunt
367 728 652 774 constitutae,
683 738 781 762 nam
803 733 844 761 et
866 723 1050 762 decimae
1071 721 1258 771 vectigal
1272 729 1345 760 est.
1394 718 1599 760 Decimae
1654 762 1661 769 .

141 793 242 822 vero
276 783 503 836 praecipue
533 779 664 834 pendi
685 779 879 819 solebant
899 790 982 819 tam
1005 777 1087 816 diis
1112 778 1215 831 ipsis
1247 791 1370 832 quam
1393 775 1602 830 reipubli-

143 853 213 879 cae
245 838 494 893 regibusve,
541 837 655 891 quod
687 837 784 876 illae
814 834 1061 876 viderentur
1089 834 1347 873 iustissimae
1373 831 1599 874 efficiendo

142 894 341 950 vectigali
363 905 518 949 partes,
551 893 657 933 adeo
679 903 725 932 ut
747 892 830 932 hoc
850 891 1072 946 vectigalis
1093 903 1227 946 genus
1247 890 1378 930 fuerit
1396 889 1600 942 receptis-

142 951 308 994 simum.
353 952 498 1005 itaque
532 950 757 1000 vectigalia
787 958 869 988 tam
891 949 1100 988 maritima
1134 961 1257 1002 quam
1288 946 1451 1002 agraria
1480 945 1603 986 deci·-

143 1009 222 1047 mis
253 1009 481 1062 praecipue
513 1008 766 1047 constabant
797 1005 987 1060 partibus
1022 1014 1303 1058 proventuum
1337 1012 1410 1043 aut
1439 1016 1601 1056 expor-

145 1064 365 1104 tandarum
396 1063 843 1118 importandarumque
869 1077 1021 1104 rerum,
1065 1060 1115 1102 de
1134 1060 1323 1116 utrisque
1345 1057 1517 1115 quidem
1541 1061 1602 1101 δε·

143 1120 272 1172 κοίτη,
304 1120 377 1160 sed
414 1119 464 1161 de
494 1119 670 1175 agrariis
698 1118 888 1176 ἐκφόριον
919 1128 961 1159 et
991 1119 1212 1174 ἐπικαρπία
1233 1116 1319 1156 dici
1349 1119 1484 1165 solet,
1520 1115 1603 1156 do-

144 1188 265 1219 cente
305 1178 541 1218 Aristotele
563 1177 800 1226 ‘Oeconom.
839 1176 895 1218 11.
937 1189 1026 1228 cap.
1060 1187 1097 1217 2.
1130 1174 1180 1214 de
1211 1173 1432 1213 maritimis
1463 1181 1602 1213 autem

145 1238 313 1291 elegans
356 1243 419 1273 cst
449 1232 559 1288 apud
576 1234 906 1273 *Demosthenem
936 1233 1027 1285 περὶ
1057 1230 1244 1273 eirenen&
1273 1233 1408 1270 locuS.
1467 1230 1601 1269 Porro

146 1291 259 1345 apud
292 1289 553 1344 Babylonios
581 1292 717 1344 legem
753 1290 886 1329 fuisse
919 1302 1025 1343 quae
1056 1288 1245 1328 cuiusvis
1274 1286 1417 1326 illatae
1451 1285 1604 1325 mercis

149 1348 331 1387 decimas
361 1347 544 1400 pendere
580 1346 769 1392 iuberet,
804 1359 971 1400 quaque
1005 1344 1183 1384 subdole
1204 1344 1261 1383 sit
1289 1357 1389 1383 usus
1408 1343 1607 1384 Antae‘me-

146 1420 215 1445 nes
236 1405 443 1455 Rhodius,
474 1413 616 1443 narrat
642 1404 883 1446 Aristoteles
920 1402 1066 1442 oecon.
1096 1401 1152 1440 II.
1188 1414 1278 1455 cap.
1309 1412 1347 1440 2.
1380 1401 1477 1440 Lex
1502 1413 1607 1454 quo-

148 1476 228 1517 que
251 1460 399 1500 divina
422 1460 601 1500 Iudaico
624 1463 787 1515 populo
809 1459 992 1499 decimas
1014 1467 1298 1512 proventuum
1322 1456 1505 1513 singulis
1529 1470 1607 1495 an-

149 1519 218 1557 nis
245 1517 469 1557 solvendas
492 1517 738 1571 imperavit,
770 1531 891 1572 quam
914 1516 979 1554 ius
1004 1513 1396 1554 Mubammedicum
1427 1513 1472 1552 in
1505 1516 1607 1567 plu-

150 1575 267 1614 ribus
308 1574 525 1628 sequitur:
581 1573 695 1613 haud
739 1573 864 1626 pauci
910 1582 1021 1612 certe
1055 1573 1099 1610 in
1132 1570 1238 1610 iuris
1269 1568 1608 1610 Muhammedici

151 1631 376 1671 Pandectis
418 1629 468 1669 de
499 1629 671 1671 decimis
709 1628 947 1684 pendentiis
987 1641 1214 1682 earumque
1247 1628 1474 1667 exactione
1507 1635 1608 1666 sunt

153 1688 285 1727 tituli.
343 1688 616 1727 Athenienses
657 1701 824 1742 quoque
866 1701 959 1725 cum
994 1686 1071 1724 sub
1113 1687 1348 1723 Pisistrato
1381 1683 1605 1737 degerent,

154 1744 334 1784 decimas
365 1746 541 1784 sortium
576 1759 745 1783 suarum
772 1753 911 1797 partes
940 1742 1120 1796 quisque
1148 1739 1391 1794 pendebant
1418 1741 1462 1778 in
1482 1741 1608 1779 Deo-

153 1817 243 1840 rum
269 1811 310 1839 et
338 1801 597 1854 reipublicae
625 1815 772 1850 usum,
806 1814 887 1853 qua
907 1798 962 1839 de
988 1814 1031 1838 re
1053 1798 1186 1852 ipsius
1223 1799 1452 1837 Pisistrati
1482 1796 1610 1836 verba

154 1857 376 1897 scribentis
427 1857 478 1896 ad
523 1859 710 1896 Solonem
745 1857 986 1897 audiamus:
1035 1852 1184 1909 ἀπάγει
1209 1856 1252 1896 δὲ
1279 1857 1444 1904 ἕκαστος
1468 1852 1611 1905 Ἀθη·-

156 1917 276 1956 mium
307 1915 379 1956 τοῦ
401 1913 526 1957 αὐτοῦ
554 1911 703 1968 κλήρου
734 1908 902 1964 δεκάτην
929 1911 1000 1955 οὐκ
1032 1915 1134 1966 ἐμοὶ,
1170 1908 1266 1953 ἀλλ’
1304 1910 1464 1954 ὁπόθεν
1501 1909 1612 1953 ἔστιν

155 1970 328 2012 α’ναλοῦν
348 1974 404 2019 εἴς
424 1988 464 2014 τε
488 1973 638 2020 θυσίας
658 1970 730 2019 τάς
754 1972 1001 2023 δημοτελεῖς,
1034 1972 1102 2010 καὶ
1122 1971 1162 2010 εἴ
1178 1986 1215 2010 τι
1237 1967 1333 2010 ἄλλο
1353 1969 1431 2010 τῶν
1448 1968 1607 2018 κοινῶν,

158 2030 227 2070 zia?
255 2027 304 2075 ἢν
332 2027 354 2069 ὁ
382 2026 551 2077 πόλεμος
579 2025 685 2082 η’μᾶς
718 2025 941 2081 καταλάβῃ.
990 2025 1064 2069 τοῦ
1091 2024 1215 2067 αὐτοῦ
1243 2023 1392 2077 κλήρου
1423 2024 1608 2074 δεκάτην.

158 2086 283 2124 sortis
311 2098 411 2122 suae
432 2085 628 2128 decimas.
659 2083 770 2137 apud
793 2093 951 2123 veteres
984 2093 1122 2122 autern
1142 2083 1282 2136 κλῆροι
1304 2081 1355 2122 de
1375 2085 1611 2136 possessio-

159 2140 283 2180 nibus
310 2140 605 2180 haereditariis
634 2140 902 2194 potissimum
931 2139 1257 2194 intelliguntur,
1291 2154 1396 2193 quae
1427 2153 1518 2179 cum
1542 2153 1613 2178 es-

159 2206 253 2236 sent
275 2197 460 2251 agrariae
481 2198 731 2251 plurimum,
765 2195 938 2248 κλήρους
960 2196 1127 2249 saepius
1148 2209 1268 2250 agros
1300 2194 1388 2235 dici
1411 2195 1610 2250 contigit.

161 2255 222 2293 sic
252 2253 484 2303 Hesiodus,
516 2253 566 2292 ad
599 2269 721 2306 quem
758 2268 803 2293 ea
828 2253 878 2292 de
899 2268 942 2292 re
963 2252 1112 2292 docuit
1135 2253 1201 2291 vir
1229 2252 1435 2292 maximus
1456 2252 1609 2304 Georg.

167 2311 401 2359 Graevius,
440 2311 561 2350 cuius
591 2310 820 2350 illaetabile
848 2310 982 2349 fatum
1020 2308 1156 2350 eheu!
1189 2309 1294 2362 ipsis
1323 2309 1459 2348 Musis
1489 2303 1610 2364 vagis

162 2368 272 2415 iam,
307 2380 385 2405 nec
416 2376 525 2406 certa
554 2366 651 2406 sede
680 2366 946 2405 morantibus
975 2365 1212 2417 lachrymas
1244 2379 1380 2418 nuper
1400 2367 1612 2405 excussit.-

163 2433 299 2476 eoque
331 2422 456 2463 modo
483 2433 547 2464 est
574 2423 618 2462 in
650 2424 884 2464 Aristoclis
910 2421 1231 2476 carmine'apud
1252 2422 1414 2462 Aelian.
1444 2421 1495 2462 de
1514 2422 1612 2463 Ani-

164 2484 258 2519 mal.
290 2479 363 2519 lib.
399 2480 475 2520 VI.
505 2494 594 2533 cap.
623 2478 662 2521 4.
694 2490 736 2519 et
766 2494 865 2518 mox
891 2481 1068 2518 alterum
1091 2478 1339 2517 habebimus
1361 2511 1371 2529 ‚
1405 2479 1612 2532 quibant:

166 2551 314 2575 vocem
349 2537 556 2586 illustret,
595 2540 747 2578 lo‘cum.
783 2537 854 2574 illa
884 2550 982 2575 vero
1017 2536 1245 2574 Pisistrati
1282 2535 1462 2588 epistola
1499 2535 1612 2587 apud

164 2594 398 2646 Diogenem
426 2595 650 2632 Laertinm
682 2602 799 2632 extat
832 2593 875 2630 in
906 2592 1004 2630 Vita
1036 2593 1211 2631 Solonis.
1270 2592 1351 2630 His
1376 2602 1511 2632 autem
1539 2607 1613 2631 co-

166 2650 315 2704 gendis
345 2649 534 2702 decimis,
566 2651 642 2705 qui
670 2649 847 2704 publico
876 2649 993 2688 iussu
1020 2658 1262 2702 praeerant,
1293 2651 1523 2694 δεκαιεωαὶ
1544 2648 1614 2689 dia
