1664 3016
160 134 244 176 834
739 132 860 175 V111.
919 139 1015 180 139.

159 243 331 286 verbum
361 245 545 289 διαλῦσαι
571 259 698 299 segm.
725 243 817 299 147.
851 245 1093 289 defraudati
1122 264 1265 292 sumus
1286 251 1499 295 omnibus.
1558 255 1621 295 Ut

159 301 328 355 quimus
361 301 527 354 itaque,
558 301 729 355 quando
762 312 811 343 ut
837 307 1035 346 volumus
1069 308 1305 362 nonlicet,
1332 313 1507 367 vulgata
1526 325 1620 366 per-

155 367 319 411 reptare
344 357 606 399 conabimur.
663 365 768 403 que.

266 478 513 537 οἷκήρυκτοι]
546 484 682 538 Supra
706 501 736 536 x,
763 483 852 526 151.
911 493 995 529 st.

265 535 517 595 ἀκήρυκτοι]
549 543 679 581 Bella
709 545 986 595 interna-ina,
1025 559 1134 599 quae
1162 545 1206 585 in
1236 548 1417 589 exitium
1441 548 1617 590 alterius

154 596 288 652 partis
309 607 526 652 geruntur,
555 613 632 638 nec
648 598 882 640 admittunt
901 615 1130 655 praecones
1152 605 1265 644 ultro
1289 606 1485 660 citroque
1506 621 1619 646 eom-

152 664 339 694 meantes
383 652 435 694 ad
480 654 674 696 ferendas
715 657 828 709 pacis
873 658 1165 703 conditiones.
1213 660 1300 704 vid.
1327 663 1528 703 Acachia.
1568 663 1618 702 de

151 712 285 750 Falsa
310 712 462 763 Legat.
502 726 579 767 pro
614 708 852 769 ἄκηρυκτεὶ,
904 714 1018 771 quod
1055 725 1098 757 et
1124 718 1282 758 Suidas
1316 718 1467 773 habet,
1510 720 1619 776 legit

154 767 268 808 C.A.
292 764 496 822 οἶκηρυκτί.
554 775 699 811 Kuzan.

264 833 487 892 ἀκήρυκτοι
506 835 698 892 πόλεμοι]
727 839 1044 880 Mellitissimus
1066 841 1246 896 Longus
1263 843 1427 889 Pastor.
1464 843 1538 887 lib.
1557 861 1613 887 11.

154 897 454 948 Μιτυληναίοις
467 894 539 950 μὲν
557 893 732 950 πόλεμον
750 895 976 951 ἀκήρυκτον
995 898 1263 952 ἐψηφίσαντο.
1294 901 1473 956 Heeycb.
1501 899 1617 956 ’Λκή-

153 968 322 1005 ρυκτος,
353 948 731 1005 ἄνεπικηρύκευτος.
783 953 1050 1010 Ἀκήρυκτος,
1083 956 1204 1012 μέγας
1228 958 1309 1011 τὶς,
1340 956 1615 1009 ἀδιάλλακτος.

149 1011 232 1049 Pro
252 1005 469 1063 ἄκηρυκτεὶ
492 1019 630 1050 autem
652 1010 791 1050 malim
812 1026 905 1051 cum
933 1012 983 1053 C.
1007 1014 1059 1054 A.
1089 1010 1310 1067 οἷκηρυκτὶ,
1340 1026 1390 1056 ut
1408 1012 1616 1063 α’κλαυστῖ,

153 1063 356 1113 ἀπνευστὶ,
390 1062 563 1116 οἷκονιτὶ,
596 1067 763 1121 aliaque
788 1068 905 1108 illius
928 1068 1108 1124 generis.
1170 1067 1417 1127 [Ἀκηρυκτεὶ
1439 1073 1615 1127 pulchre

153 1123 356 1163 scribitur
386 1123 430 1161 in
460 1123 671 1178 vulgatis:
714 1125 775 1164 sic
807 1125 919 1164 enim
956 1125 1069 1180 apud
1108 1128 1385 1183 Thucydidem
1414 1131 1615 1183 occurrit,

152 1189 202 1220 ut
223 1179 449 1220 observavi
470 1179 522 1218 ad
542 1196 604 1227 rx,
635 1179 723 1224 115.
781 1183 849 1222 Ex
868 1182 1125 1237 Addendis]

265 1245 577 1302 ἆνακήρυκτοι.]
608 1248 708 1288 Nisi
733 1249 884 1290 menda
913 1250 985 1291 hic
1007 1253 1126 1302 latet,
1160 1253 1356 1309 cupimus
1375 1257 1615 1308 exemplum

153 1305 245 1347 eius
282 1303 460 1359 χρήσεως
497 1302 789 1359 ἆνακῆρυκτοι,
842 1306 893 1348 de
927 1304 1158 1362 ἀκήρυκτοι.
1237 1311 1317 1351 Est
1355 1311 1468 1352 enim
1497 1311 1616 1351 istud

152 1363 297 1418 potius
320 1362 370 1402 de
390 1365 637 1403 renunc-iaco
659 1378 754 1403 voce
775 1367 1006 1417 praeconis,
1039 1366 1107 1404 vel
1128 1366 1177 1405 de
1194 1368 1454 1420 praedicato.
1497 1367 1616 1424 Quid

154 1420 190 1459 si
231 1419 450 1474 scripserit
486 1421 553 1462 καὶ
592 1417 854 1475 ἄκηρύκτως,
910 1420 1027 1476 quod
1070 1423 1390 1477 Thucydideum,
1441 1425 1541 1476 (lib.
1580 1441 1613 1466 1.

151 1478 317 1532 Ξυγγρ.)
349 1477 527 1530 pariter,
567 1487 615 1517 ut
642 1476 757 1532 quod
784 1479 1013 1532 praecessit
1031 1475 1277 1534 dnnpvntel'?
1316 1479 1464 1523 neseio
1484 1482 1614 1534 enim,

149 1535 254 1576 licet
292 1532 623 1588 distinguamus,
667 1533 864 1585 ἐπιόντες·
904 1537 969 1578 καὶ
1001 1532 1298 1591 ἆνακῆρυκτοι,
1346 1553 1399 1579 an
1436 1554 1521 1581 rem
1553 1540 1615 1578 ira

151 1594 278 1645 plane
308 1590 661 1643 expediverimus.
721 1591 802 1632 Sed
832 1591 988 1648 absque
1018 1592 1140 1633 libris
1163 1595 1321 1636 frustra
1339 1595 1468 1637 verba
1487 1595 1613 1648 fiunt,

153 1648 198 1687 ni
223 1648 365 1699 fallor,
395 1661 416 1686 a
437 1663 501 1688 me
522 1648 716 1704 quidem:
748 1663 877 1704 quare
896 1650 1036 1690 mitto.
1095 1656 1208 1694 Iuno.

265 1713 507 1769 ἄσπονόία.]
550 1715 598 1757 C.
620 1717 670 1759 A.
700 1715 907 1761 ἄσπονδα·
948 1729 1049 1773 post
1072 1719 1307 1776 ἐπενεγκεῖν.
1334 1719 1381 1764 C.
1406 1719 1457 1763 Α.
1492 1733 1617 1764 σπον-

151 1773 225 1824 δᾶς
245 1776 300 1816 αἰ.
322 1776 457 1830 χρυσῷ
477 1770 676 1830 στεφάνῳ.
708 1780 849 1831 θαλλῷ
872 1772 1223 1832 ἀναγορευθῆναι,
1253 1787 1302 1817 ut
1324 1779 1521 1832 oleagina
1543 1793 1615 1818 eo-

152 1847 256 1872 rona
276 1840 522 1870 coronatum
540 1831 709 1883 publico
728 1833 934 1872 celebrari
946 1837 1189 1885 praeconio.
1245 1842 1393 1876 Kum-

263 1898 498 1951 ἆσπονδία.]
533 1897 732 1943 ἄσπονδία
749 1900 858 1940 mihi
886 1915 1059 1955 quoque
1076 1913 1320 1956 suspectum
1338 1913 1417 1944 est.
1476 1909 1585 1947 que.

261 1959 394 2015 χρυσῷ
421 1955 603 2014 στεφάνῳ
641 1958 836 2011 στεφαν.]
877 1958 942 1997 Ita
973 1958 1282 2000 emendandum
1312 1971 1439 2015 puto:
1476 1965 1617 2019 χρυσῷ

152 2015 338 2071 στεφάνῳ
381 2018 714 2068 στεφανωθῆναι,
743 2019 904 2071 θαλλῷ,
935 2010 1283 2070 ἀναγορευθῆναι,
1314 2013 1430 2062 vivan.
1491 2017 1614 2064 Certe

152 2073 265 2112 enim
289 2073 508 2125 vulgatum
528 2069 808 2126 ἄγορευθῆναι
836 2071 934 2111 falsi
964 2072 1198 2114 convincat
1216 2077 1285 2114 vel
1306 2089 1485 2130 sequens
1505 2089 1610 2115 mox

152 2126 428 2184 οἷναγόρευσις.
458 2127 651 2167 habuisti
682 2138 724 2168 et
746 2142 871 2182 supra
892 2128 968 2167 ubi
989 2127 1135 2169 eadem
1154 2130 1398 2187 iunguntur
1417 2149 1493 2182 nr,
1519 2133 1611 2175 152.

151 2183 436 2241 ἀνηγορεύθη·
468 2184 595 2224 habet
625 2184 671 2224 id
694 2185 868 2225 verbum
889 2185 1119 2239 aliquoties
1139 2187 1185 2226 in
1215 2187 1483 2229 orationibus
1506 2202 1611 2242 quas

151 2242 303 2283 summi
322 2252 509 2281 oratores
527 2255 602 2294 pro
623 2255 781 2282 corona
799 2252 842 2282 et
861 2251 1006 2282 contra
1029 2241 1230 2285 habuere.
1276 2245 1335 2284 Et
1353 2259 1411 2287 ex
1427 2245 1613 2286 Aeschi-

152 2302 219 2339 nis
249 2299 443 2338 oratione
474 2297 676 2338 adferunt
700 2305 1003 2351 στεφανοῦσθαι
1023 2304 1179 2357 θαλλοῦ
1194 2300 1404 2360 στεφάνῳ·
1434 2313 1478 2344 et
1497 2299 1521 2345 ὅ
1540 2305 1614 2345 τοῦ

149 2360 306 2400 θαλλοῦ
334 2357 554 2407 στέφανος·
589 2354 662 2395 sed
694 2365 736 2395 et
763 2356 807 2395 in
838 2356 1053 2410 prioribus
1081 2365 1214 2411 χρυσῷ
1235 2369 1315 2399 etc.
1349 2360 1445 2400 sine
1473 2358 1609 2399 dubio

149 2423 293 2452 noster
312 2413 468 2453 Pollux
489 2411 542 2452 ob
566 2414 714 2452 oculos
734 2411 887 2453 habuit
915 2414 988 2452 illa
1009 2414 1303 2454 Demosthenis
1321 2429 1399 2471 pro
1427 2415 1609 2468 ctesiph.

147 2471 214 2513 καὶ
233 2467 503 2526 ἀναγορεῦσαι
530 2471 572 2512 ἕν
590 2473 649 2527 τῷ
668 2466 851 2527 θεάτρῳ,
881 2468 942 2513 ὅτι
968 2476 1165 2523 στεφανοῖ
1191 2469 1214 2514 ὅ
1238 2475 1368 2525 δῆμος
1389 2472 1612 2527 Δημοσθέ-

148 2544 227 2581 νην
263 2530 399 2581 χρυσοῖ
431 2524 628 2580 στεφάνῳ.
693 2527 858 2566 ζΜὶωω
899 2527 1025 2566 etiam
1062 2528 1100 2566 si
1133 2528 1323 2569 omiserit
1353 2528 1425 2569 hic
1457 2530 1613 2570 Pollux

151 2583 327 2624 verbum
351 2585 657 2638 αναῤῥηθῆναι,
696 2583 741 2622 in
771 2582 851 2622 hac
879 2597 923 2623 re
954 2584 1181 2638 frequens,
1225 2585 1300 2639 qui
1329 2595 1371 2626 et
1401 2602 1483 2636 ιιι,
1518 2585 1610 2628 152.

149 2640 394 2694 coniunxit,
418 2650 462 2683 et
481 2640 534 2681 ab
560 2655 612 2684 eo
630 2654 731 2682 mox
748 2636 974 2697 ἆνάῤῥησιν
994 2640 1070 2682 hie
1087 2639 1328 2683 subiunxit.
1385 2649 1489 2686 que.
