1664 3016
93 148 176 189 698
694 142 814 194 VIII.
875 148 941 189 83.

204 253 349 311 ἅρχία]
369 257 433 296 Tta
455 254 580 296 etiam
605 254 700 296 MS.
721 253 793 295 sed
814 255 914 311 quid
939 255 1022 298 hoc
1043 255 1275 298 vocabuli?
1309 256 1404 311 quis
1428 255 1542 298 enim

91 313 138 354 id
166 311 226 352 ita
263 313 313 353 de
330 315 578 364 principatu
605 326 728 360 usus,
767 312 802 351 si
830 313 942 354 forte
973 313 1031 353 ita
1063 315 1253 369 cogites?
1289 315 1384 368 Ego
1412 327 1542 369 quum

90 369 230 409 mihi·
218 384 261 408 in
275 378 453 408 mentem
475 368 633 419 veniat,
667 382 788 423 quam
819 369 963 409 crebro
987 371 1158 409 nomina
1178 384 1223 409 ea
1245 383 1352 426 quae
1368 384 1443 423 per
1458 375 1543 412 εῖον

91 426 263 477 finiunt,
296 424 339 463 in
362 426 486 464 MSS.
514 439 588 478 per
607 426 672 467 ίον
694 425 968 477 reperiantur,
1002 427 1121 496 cujus
1142 429 1332 479 exempla
1359 426 1542 478 plurima

90 483 135 521 in
163 482 324 521 Polluce
353 480 601 531 habuimus,
643 495 728 520 non
764 479 914 520 dubito
946 480 1061 522 hic'
1036 488 1172 538 αρχεΐα
1197 482 1431 531 emendare,
1461 496 1540 536 pro

91 537 291 579 archivis.
333 539 436 592 Περὶ
464 535 626 591 ἀρχείου
656 536 782 577 etiam
813 552 936 591 supra
966 553 997 590 1,
1024 539 1085 581 25.
1103 539 1356 591 Hesychius:
1386 536 1539 608 ἀρχεῖα,

90 597 191 638 ε’νθα
212 597 253 636 οἷ
275 593 458 661 δημόσιοι
491 611 629 649 χαρται
657 592 686 647 ἢ
711 592 1024 647 χαρτωφυλακα·
1063 595 1198 635 scribe
1228 600 1539 650 χαρτοφυλακια.

93 651 280 691 Suedas:
322 648 480 721 άρχεῖα
520 653 621 693 ἔνθα
640 653 682 693 οἷ
698 649 885 703 δημόσιοι
902 649 1041 720 χάρται
1059 647 1304 702 απὸκεινται,
1336 669 1541 722 χαρτοφυ-

89 706 232 750 λάκια·
270 705 300 760 ἢ
324 706 371 749 τὰ
390 709 514 774 χωρία
535 725 614 750 των
637 713 793 762 κριτῶν.
852 708 910 746 Et
928 708 976 749 τά
993 725 1033 751 τε
1054 711 1231 762 βασίλεια
1250 709 1316 750 καὶ
1336 726 1382 750 τα
1404 705 1541 762 ἆρχεῖα

94 764 322 816 Xenophon
347 765 492 819 iungit
519 764 595 804 lib.
627 780 658 804 1.
687 766 808 807 Παιδ.
837 763 936 804 vide
962 767 1081 818 plura
1105 766 1364 804 Brissom'um
1383 764 1458 807 lib.
1485 779 1539 805 ιι.

91 820 143 861 de
169 822 272 875 Reg.
304 821 416 862 Pers.
440 835 566 875 super
592 818 785 874 ἀρχείων·
826 819 901 859 ubi
924 830 966 861 et
988 820 1071 861 hoc
1089 834 1142 861 ex
1158 822 1403 862 Aristotelis
1423 819 1538 861 libro

91 876 143 917 de
164 876 324 916 mundo
350 877 533 930 profem
562 876 745 928 ἐξίασιν’
727 876 912 931 ἄρχοντες
937 878 1000 919 ἐπὶ
1017 875 1064 919 τὰ
1086 874 1233 931 ἆρχεῖα.
1290 882 1398 918 qua-

204 930 348 988 αρχία]
390 932 493 974 Cum
524 935 714 973 Knelcnio
745 944 890 972 nostro
922 931 1056 988 ἀρχεῖα
1079 934 1123 972 in
1143 943 1265 972 textu
1287 931 1539 974 emendavi.

89 991 243 1030 archia
265 990 519 1030 recentiores
543 989 801 1044 aliquando:
840 989 975 1030 Gloss.
995 989 1119 1032 MSS
1131 989 1316 1041 Aramis,
1346 991 1538 1031 scriniis:

90 1047 328 1087 tabulariae
339 1047 556 1099 publicae,
594 1046 906 1097 Quadrigarius
912 1046 1041 1114 apud
1063 1048 1262 1097 Nonium,
1295 1059 1397 1114 quas
1417 1045 1536 1085 tabu-

89 1106 205 1144 laria
232 1102 343 1141 dixit
365 1102 502 1140 Cicero
522 1103 695 1157 aliique.
739 1103 817 1141 Est
836 1111 878 1142 et
899 1097 1058 1156 ἆρχεῖον
1073 1101 1116 1145 τὸ
1129 1104 1207 1144 τῶν
1227 1099 1430 1168 ἀρχόντων
1448 1116 1539 1144 συν·

87 1162 234 1213 έδριον,
268 1172 352 1212 quo
378 1172 522 1198 causas
545 1158 701 1198 dicturi
721 1158 1047 1201 conveniebant.
1089 1159 1231 1214 iungit
1256 1160 1402 1213 itaque
1425 1159 1540 1199 Plu-

89 1215 295 1255 tar'clzees
284 1230 327 1253 m
351 1215 436 1256 Sol.
465 1215 698 1269 δικαστήρια
725 1224 767 1255 et
791 1212 952 1269 ἆρχεῖα,
990 1225 1033 1255 et
1050 1230 1096 1255 ea
1118 1214 1190 1254 hic
1214 1215 1380 1256 obtinet
1399 1214 1538 1255 notio.

87 1274 158 1312 De
179 1270 446 1325 praecedenti
460 1281 600 1312 autem
618 1285 722 1312 voce
736 1268 970 1324 ἀρχιτέκτων
991 1274 1115 1326 plene
1136 1285 1183 1310 ac
1199 1273 1419 1341 eleganter
1438 1270 1539 1310 acri·

87 1330 154 1369 bit
174 1329 457 1397 Etymologus‚
479 1327 591 1382 apud
613 1342 735 1380 quem
756 1338 797 1367 et
809 1325 945 1382 ἀρχεῖα
966 1328 1009 1366 in
1034 1342 1137 1368 voce
1157 1326 1295 1376 θόλος

201 1381 430 1438 αρχίδικος]
483 1387 550 1423 An
579 1384 724 1438 itaque
756 1383 858 1423 hinc
890 1385 1191 1424 Demosthenes
1224 1380 1540 1426 emendandus?

87 1442 288 1482 nimirum
319 1441 363 1479 in
383 1455 430 1480 ea
447 1437 544 1495 ὑπὲρ
564 1447 739 1494 Κτησιφ
770 1440 805 1479 si
822 1440 984 1480 modo
973 1455 1008 1479 is
1030 1443 1172 1489 locus,
1202 1439 1276 1479 ubi
1293 1449 1357 1480 est
1375 1438 1427 1479 de
1447 1439 1540 1478 Ae-

86 1501 250 1549 solane,
280 1512 374 1537 eum
393 1494 767 1554 ὑπογραμματεύειν
785 1498 850 1539 καὶ
867 1495 1075 1550 ὑπηρετεῖν
1094 1503 1178 1547 τοῖς
1193 1493 1407 1551 ἆρχιδίοις,
1437 1495 1474 1535 εἰ
1501 1495 1538 1534 is

85 1558 226 1603 locus,
267 1554 465 1607 inquam,
503 1553 827 1594 scribendumne
855 1553 1000 1608 itaque
1031 1553 1093 1592 ibi
1126 1551 1378 1609 ἆρχιδὶκοιςΡ
1417 1551 1535 1592 Alias

87 1610 291 1667 quosdam
320 1609 502 1650 Codices
524 1610 584 1649 ibi
607 1607 778 1664 α’ρχείοις
799 1609 955 1650 habete
976 1619 1139 1652 notant.
1198 1616 1308 1649 Imm.

197 1667 362 1720 διῆρξα]
404 1669 712 1719 Harpocratio.
752 1669 911 1720 διῆρξα,
950 1662 1038 1708 ἀντὶ
1054 1670 1148 1714 τοῦ,
1181 1664 1247 1708 διὰ
1264 1667 1399 1714 τέλους
1412 1658 1533 1718 ἦρξα·

88 1724 232 1779 aitque
256 1726 433 1777 Lysiam
465 1738 586 1763 usum
611 1724 654 1766 ἐν
669 1727 720 1780 τῇ
735 1724 834 1776 πρὸς
848 1721 920 1777 τὴν
942 1719 1177 1777 Μιξιδήμου
1197 1720 1361 1779 γραφὴν
1380 1718 1539 1764 ἀπολο-

111 1784 166 1824 ἰα.
225 1787 330 1820 Iuno.

85 1799 142 1838 y
200 1837 367 1890 διῆρξα]
398 1834 619 1876 Videndus
639 1844 681 1877 et
702 1835 895 1875 Valesius
913 1833 965 1874 ad
985 1837 1191 1888 Harpocr.
1211 1850 1253 1890 p.
1275 1847 1340 1877 21.

199 1892 443 1947 ἐπάρχοντας
464 1901 542 1932 etc.
553 1893 574 1945 ]
615 1892 780 1932 Deest
769 1906 814 1930 m
835 1891 932 1933 MS.
953 1889 1216 1948 ἐπάρχοντας·
1259 1901 1301 1932 et
1319 1905 1397 1946 pro
1418 1888 1538 1947 ἐπάρ-

89 1953 160 2002 ξας
187 1950 316 1989 habet
338 1948 552 2003 ἐπάρξασα.
610 1954 714 1987 Iunc.

198 2006 468 2058 ἐπὶθυσίαις]
502 2005 590 2045 MS.
612 2006 674 2047 ἔπι
692 2005 851 2053 θυσίας
909 2010 1018 2046 Iunc.

200 2059 524 2134 συγκατήρξατο]
555 2062 657 2100 Post
677 2059 966 2115 συγκατηρξατο
997 2058 1154 2102 in1MS.
1186 2059 1378 2125 sequitur
1396 2060 1536 2115 ἐνῆρκ-

85 2137 147 2162 ται
168 2137 216 2162 τα
233 2123 355 2161 κανᾶ
400 2131 507 2172 quae
539 2116 723 2172 vulgatis
751 2116 904 2157 desunt
923 2147 935 2166 ,
983 2131 1071 2156 non
1098 2126 1223 2156 recte.
1276 2115 1408 2158 scribe
1447 2117 1537 2155 ita-

87 2191 170 2230 que
192 2185 234 2216 et
261 2189 442 2229 repone:
483 2187 595 2227 συγκ.
625 2175 811 2225 ἐνῆρκται
839 2192 887 2215 τοι
921 2179 1045 2216 κανᾶ·
1080 2170 1150 2214 ν’π.
1210 2173 1286 2213 Nil
1313 2172 1420 2212 mihi
1450 2187 1536 2212 cre·

87 2233 184 2283 dati,
222 2231 307 2270 nisi
331 2229 428 2272 MS.
459 2239 602 2269 noster
623 2228 694 2268 hic
722 2230 904 2282 optime,
937 2241 985 2270 ut
1017 2230 1210 2283 pluribus
1241 2229 1337 2269 aliis
1358 2229 1464 2268 locis
1484 2228 1536 2268 de

86 2299 234 2328 nostro
262 2287 450 2326 Auctore
483 2296 701 2324 mereatur.
762 2287 949 2340 Repperi
978 2287 1088 2327 enim
1109 2286 1318 2338 ipsissima
1340 2284 1499 2323 verba
1489 2300 1534 2323 m

86 2346 294 2385 Oratione
307 2344 527 2383 Aeschinis
546 2359 647 2384 κατα
668 2346 840 2396 Κτησιφ.
860 2343 933 2382 ubl
944 2344 1097 2382 Orator
1115 2342 1165 2383 de
1184 2356 1256 2381 sua
1279 2350 1471 2380 oratlone
1483 2341 1534 2380 ad

84 2402 409 2454 Amphictyones
441 2407 600 2438 narrat:
639 2398 824 2468 ἔνηρκται
847 2401 915 2453 μὲν
937 2418 985 2441 τα
1005 2405 1128 2450 καιοῖ,
1156 2399 1373 2470 παρέστηκε
1394 2398 1434 2440 δὲ
1454 2403 1537 2447 τοῖς

87 2461 241 2513 βωμοῖς
259 2474 307 2498 τα
328 2455 513 2510 θύματα,
546 2456 697 2508 μέλλετε
725 2452 765 2498 δ’
788 2458 908 2498 αἰτεῖν
930 2474 1024 2505 τους
1043 2455 1164 2505 θεοὺς
1188 2453 1345 2509 τάγαθὰ
1365 2456 1432 2498 καὶ
1451 2471 1537 2496 κοι-

86 2520 137 2571 νῇ
154 2515 220 2556 καὶ
241 2515 335 2571 ἰδίᾳ.
356 2522 436 2553 etc.
478 2511 594 2551 Hinc
616 2512 813 2551 nimirum
831 2515 1033 2552 Pollucea
1045 2513 1137 2565 apis
1156 2513 1273 2566 legit.
1305 2512 1367 2550 sic
1387 2526 1438 2551 ex
1451 2512 1537 2549 Ειι·

85 2558 235 2623 rapide,
267 2556 381 2624 apud
409 2583 530 2623 quem
553 2567 776 2608 observant
803 2570 1028 2623 ἐναρχέσθω
1048 2586 1107 2618 τις
1132 2573 1255 2610 κανᾶ·
1286 2566 1392 2613 adeo
1415 2576 1463 2607 ut
1489 2565 1535 2606 id

86 2627 243 2681 pariter
263 2625 474 2680 pertineat
497 2623 549 2664 ad
571 2624 678 2664 ritus
701 2638 838 2665 sacros
859 2625 1042 2666 verbum.
1099 2631 1206 2666 Iuse.
