1664 3016
139 130 225 181 756
757 125 880 169 VIII.
939 130 1036 172 109.

146 244 244 285 δεκα
276 236 499 305 ναυκᾰριοι
509 235 625 289 ἦσαν.
676 237 727 280 C.
758 238 812 283 V.
850 237 1072 295 ναῦκραροι
1099 238 1205 292 ἦσαν
1234 237 1390 284 δώδεκα
1412 237 1609 295 τέσσαρες

145 294 251 342 κατά
267 298 421 364 τρίτην
428 293 609 347 ἑκάστην,
641 309 750 350 quae
770 295 1064 351 interpunctio
1087 298 1242 342 turbat.
1300 304 1454 371 Knnvnu.

258 355 328 396 και
350 348 524 395 δυόδεκα
543 351 755 406 ναυκάριοι
770 362 853 394 etc.
867 354 887 407 ]
917 355 1015 396 MS.
1035 356 1104 398 και
1125 353 1347 411 ναύκραροι
1366 351 1469 405 ἦσαν
1487 350 1606 396 dm&-

145 428 197 454 κα
222 409 404 473 τέτταρες
423 407 528 451 nato?
555 411 692 464 τρίτην
715 406 899 460 ἑκάστην.
958 411 1018 450 Et
1041 412 1183 451 δεῦεν-ἰ
1199 413 1294 454 MS.
1322 410 1477 466 partim
1499 424 1607 450 con-

145 465 293 517 sentit,
324 475 371 505 ut
390 462 436 504 in
459 464 610 508 δώδεκα
633 480 782 520 supra,
811 475 853 506 et
873 466 945 506 hic
965 468 1185 510 δωδέκατον
1203 478 1246 510 et
1265 469 1468 540 τέτταρες;
1525 465 1608 506 Sed

145 526 344 591 vulgata
341 536 363 561 a
383 523 598 575 Leopardo
612 537 694 561 vn.
715 521 894 564 Emend.
915 537 975 580 ¹9·
992 526 1060 566 καῖ
1077 523 1187 569 ὀυόδ-
1204 521 1480 579 ναὺκραροιῆ
1469 524 1605 567 tif-co·

144 598 183 624 κ.
205 596 366 634 τριττυν
387 580 444 622 ἐκ.
478 579 589 620 bona
612 578 794 620 videtur.
853 580 935 620 Pro
956 579 1116 634 τριττύν
1145 591 1267 622 antea
1286 580 1488 622 mendose
1509 579 1607 620 ede-

144 637 271 676 batur
289 653 463 690 τριττην.
511 638 675 676 curiam
700 636 1005 690 interpretatur
1034 638 1238 690 Sigonius
1265 637 1418 680 libt.1.
1442 635 1495 677 dc
1517 637 1608 677 Re-

144 693 263 748 pubi.
287 693 443 733 Athen.
465 707 556 746 cap.
582 694 623 734 4.
646 692 722 732 ubi
746 707 1053 733 naue-rarorum
1079 694 1272 735 meminit
1292 694 1410 737 hinc.
1468 699 1578 734 Iunc.

257 748 479 805 εἰσφορας]
514 748 613 792 vid.
638 750 785 804 Sigon.
810 749 887 791 lib.
918 765 979 792 tv.
1011 750 1063 792 de
1091 752 1200 806 ch.
1236 751 1390 794 Athen.
1413 765 1452 793 c.
1483 762 1522 793 2.
1556 749 1609 791 do

144 805 230 847 hoc
248 805 510 848 demarchum
530 806 689 846 officio.
721 812 830 846 Iunc.

259 860 589 918 διεχειροτόνουν]
623 864 855 918 Suffragiis
874 866 963 904 suis
988 873 1066 904 aut
1086 872 1187 904 rata
1192 863 1423 919 faciehant
1447 873 1524 904 aut
1551 866 1609 903 ir-

146 923 246 961 rita.
278 919 362 960 hoc
383 919 496 960 enim
516 930 581 961 est
601 923 905 974 διαχειροτονεῖν
924 935 977 961 ex
1003 922 1295 976 appellatione
1316 919 1610 964 Demosthenis

146 986 296 1018 contra
314 977 573 1022 Eubulidem.
597 976 711 1031 quod
726 978 959 1017 Demarcln·
979 977 1210 1042 exigebant
1228 979 1412 1031 pretium
1430 978 1610 1018 locatio-

146 1034 214 1074 nis
233 1043 278 1075 et
297 1032 603 1073 conductionis
635 1033 775 1084 abiis,
800 1033 875 1087 qui
899 1034 997 1073 fana
1022 1044 1065 1075 et
1103 1034 1186 1074 alia
1205 1037 1299 1074 loca
1318 1034 1490 1089 publica
1505 1048 1611 1074 con-

147 1091 371 1139 duxerant,
403 1104 482 1130 nec
501 1090 726 1130 solvebant
749 1099 862 1129 stato
882 1099 1087 1144 tempore,
1119 1090 1358 1146 amissaque
1378 1093 1504 1131 Demi
1525 1105 1611 1130 ma·

147 1147 299 1187 tricula
327 1146 607 1200 popularibus
641 1145 936 1200 proponebant
964 1147 1095 1187 libera
1129 1146 1330 1214 suffragia
1355 1146 1530 1189 ferenda
1559 1145 1612 1190 de

147 1203 218 1256 iis,
259 1202 359 1269 qui
369 1202 414 1241 in
449 1217 601 1242 novam
629 1203 894 1242 matriculam
930 1203 1214 1255 inscribendi,
1247 1203 1377 1258 quive
1407 1214 1611 1259 tanquam

146 1258 362 1315 peregrini
385 1273 438 1299 ex
456 1273 502 1299 ea
529 1258 784 1299 excludendi
806 1270 958 1302 essent.
989 1267 1134 1300 KUEHN.

259 1313 592 1371 διεχειροτόνουν]
617 1319 808 1371 ἐχιίριζον
827 1315 952 1356 habet
962 1316 1294 1371 Falekenburgii
1317 1315 1488 1358 Codex:
1509 1317 1612 1356 scri·

147 1372 201 1414 be
222 1374 460 1428 διεχείριζον,
491 1373 666 1427 optime,
700 1383 741 1413 et
773 1373 830 1412 ita
851 1372 1034 1447 ᾳᾘυὶᾶεηι
1052 1377 1161 1414 solet
1179 1373 1327 1414 Pollux
1356 1383 1512 1414 noster.
1545 1387 1611 1411 su·

147 1444 223 1484 pra
245 1445 372 1499 segm.
371 1429 460 1502 Η74
494 1429 657 1485 οἷλογιόυ
680 1432 723 1472 δὲ
742 1432 834 1482 δίκη
857 1428 909 1481 ἦν
929 1447 1032 1472 κατα
1059 1431 1139 1472 τῶν
1163 1429 1210 1473 οιῗ
1213 1449 1236 1473 κ
1256 1425 1532 1473 ἄποδιδόντων
1550 1435 1612 1471 λο·

146 1504 330 1544 γισμους,
355 1485 412 1529 οἷν
431 1505 483 1530 αν
501 1488 814 1541 διαχειρίσωσιν.
875 1487 927 1526 In
951 1487 1142 1526 Glossis·
1175 1487 1458 1542 Διαχειρίζειν,
1499 1487 1596 1538 diga

149 1559 248 1596 rere,
289 1559 437 1597 regere,
481 1553 690 1584 tractare:
733 1562 782 1586 τα
809 1544 880 1594 τῆς
909 1541 1063 1591 πόλεως
1088 1546 1360 1598 διαχειρίζειν,
1402 1559 1466 1584 res
1494 1545 1612 1583 urbis

147 1602 344 1654 singulas
365 1616 417 1640 ac
437 1604 655 1640 universas
679 1609 865 1640 tractare
887 1611 948 1639 est
971 1599 1084 1654 apud
1106 1602 1379 1642 Aristotelem.

262 1658 480 1712 ναυκαριά]
512 1656 608 1698 MS.
643 1659 894 1712 ναυκραρῖα·
927 1667 969 1696 et
995 1657 1056 1696 sic
1088 1657 1247 1709 scribe,
1277 1666 1326 1698 ut
1355 1656 1480 1698 etiam
1503 1658 1614 1696 Leo-

145 1715 307 1768 pardus
328 1713 446 1754 dicto
471 1717 568 1754 loco
592 1713 731 1755 habet.
762 1723 862 1755 quc.

262 1771 363 1815 ναῦν
381 1772 516 1825 μίαν]
548 1769 693 1825 Sigon.
712 1771 787 1813 lib.
810 1786 876 1812 iv.
898 1769 949 1810 de
971 1771 1080 1826 Rep.
1105 1771 1259 1814 Athen.
1288 1787 1324 1814 c.
1343 1770 1382 1812 5.
1412 1777 1513 1811 Iunc.

261 1887 352 1954 περὶ
375 1882 675 1940 τριττυάρχων.]
707 1884 836 1924 Abest
857 1898 880 1923 a
901 1858 951 1927 C.
984 1884 1035 1926 A
1065 1882 1326 1956 τριττυοῖρχης
1352 1903 1373 1928 ο
1406 1884 1477 1935 τῆς
1502 1902 1615 1939 τριτ-

149 1958 241 1990 τυος
259 1942 419 1997 ἅρχων·
449 1951 597 1995 postea
615 1940 748 1982 MSS.
767 1942 838 1990 τῆς
857 1937 1041 1994 τριττύος
1060 1944 1199 1995 μέντοι
1218 1943 1242 1985 o‘
1258 1943 1394 1997 ἅρχων
1423 1961 1460 1985 τ.
1491 1940 1536 1985 G.
1563 1942 1612 1985 V

149 1997 256 2052 legit
275 1998 442 2054 quidem
463 2014 629 2065 τριτνος,
663 2012 806 2037 verum
831 2015 882 2051 τῳ
906 2017 925 2038 ν
949 1999 1283 2051 superscriptum
1319 2008 1384 2039 est
1401 2017 1441 2042 υ.
1470 2005 1615 2038 Kumm.

263 2056 356 2108 περὶ
372 2051 673 2109 τριττυᾶρχων.]
706 2054 862 2093 Nullus
895 2055 1048 2094 titulus
1081 2055 1126 2094 in
1155 2056 1253 2098 MS.
1290 2056 1364 2112 qui
1392 2055 1615 2124 sequentia

151 2110 209 2150 ita
227 2111 500 2166 praecedenti
525 2110 710 2181 tmemati
739 2109 953 2152 adnectit.
984 2112 1055 2163 τῆς
1085 2112 1266 2166 τριττύος
1300 2113 1438 2167 μέντοι
1469 2109 1494 2152 o‘
1519 2110 1613 2167 ἅρχ.

148 2173 341 2208 quenum.

261 2225 372 2281 ὁμὲν
390 2223 462 2274 τῆς
479 2220 660 2281 τριττύος
680 2224 784 2277 etc.]
816 2223 913 2267 MS.
952 2225 1022 2276 τῆς
1045 2244 1166 2282 τριττ.
1191 2229 1266 2282 μὲν
1297 2227 1322 2270 ὁ
1347 2226 1412 2280 ἄρ.
1441 2233 1485 2266 et
1515 2238 1615 2264 mox

149 2282 348 2336 τέτταρες.
376 2288 460 2322 Snu-

262 2339 375 2392 ὁμὲν
395 2341 467 2390 τῆς
485 2337 665 2407 τριττύος
701 2336 856 2392 ἅρχων,
895 2337 997 2393 etc]
1039 2341 1082 2380 Is
1116 2339 1229 2394 apud
1252 2340 1545 2393 Etymologum
1573 2346 1616 2376 et

152 2396 328 2435 saidam
345 2394 630 2451 τριττυᾰρχης·
670 2408 769 2433 mox
799 2396 892 2450 γένη
921 2395 1138 2449 τριάκοντα
1165 2411 1312 2436 sensus
1343 2396 1521 2449 ipsaque
1553 2393 1615 2433 rei

149 2454 261 2492 ratio
284 2455 501 2506 postulare
531 2452 756 2503 videntur,
805 2452 1057 2496 observante
1089 2454 1308 2494 Kuehm‘o:
1352 2466 1440 2492 non
1473 2460 1614 2493 tamen

150 2509 276 2549 MSS.
296 2510 446 2548 invitis
466 2510 640 2548 mutavi.
1514 2537 1516 2539 -

261 2564 437 2622 τριττύος
457 2565 561 2621 etc.]
594 2566 712 2606 Haec
735 2565 858 2605 verba
884 2566 933 2605 ab
957 2567 1044 2605 alio
1067 2566 1137 2606 hic
1158 2566 1370 2605 inculcata
1399 2562 1612 2612 videntur,

153 2622 266 2662 infra
299 2623 411 2665 enim
442 2633 682 2679 sequuntur
711 2621 878 2667 ἑκάστου
898 2621 943 2667 δ’
971 2625 1121 2674 ἔθνους
1141 2624 1231 2678 γένη
1251 2620 1485 2679 τριάκοντα·
1518 2634 1613 2659 nam
