1664 3016
640 135 895 182 V11.186.
1406 134 1491 180 525

41 250 205 294 Codice
219 251 522 323 Sylburgiua)‘'
503 267 569 295 ινα
587 249 722 321 μηκέτι
741 246 1043 301 στρατεύωνται,
1073 246 1117 293 τό
1136 247 1306 293 παλαιόν
1321 245 1492 308 ἒκᾷλουν

37 325 112 363 τρυ
114 305 291 352 σίπῖπιον.
318 306 462 404 τροχὸς
483 304 576 352 δὲ’
545 325 599 362 ην
614 325 635 350 ο
622 305 957 363 ’ἐπιβαλλόμενος
972 304 1172 363 χαρακτὴρ
1191 310 1242 365 τῇ
1255 300 1396 363 γνάθῳ
1412 312 1492 350 τῶν

38 368 187 409 ἵππων.
255 363 350 407 Add
353 378 377 406 e
410 375 454 406 et
486 379 540 406 ex
568 363 716 406 eodem
744 363 951 435 Hesychio
978 364 1134 406 istaec·
1174 365 1303 407 ’ἵππου
1327 361 1489 419 τροχός·

38 427 124 473 τοῖς
133 419 405 494 γεγηρακόσιν
423 423 564 471 ἵπποις
585 418 796 476 ἐχάραττον
814 421 878 464 ἐπὶ
893 418 970 476 τὴν
999 417 1158 487 γνάθον
1187 427 1369 475 σημεῖον,
1402 438 1491 475 τρο-

37 482 116 535 χοῦ
132 483 261 534 σχῆμα
275 480 394 534 Λέχον
423 480 595 522 ἐκαλεῖτο
623 478 664 520 δὲ
690 480 943 532 τρυσίππιον.
982 476 1173 533 quamvis
1207 487 1403 532 corrupte
1430 478 1491 517 ibi

37 537 285 588 τρισίππιον.
315 536 519 590 Heoychii
538 534 663 575 verba
687 535 747 574 ita
764 537 959 588 suppleta
979 533 1107 574 habet
1127 533 1237 576 etH
1256 535 1490 587 Stephanus

40 593 87 633 in
112 604 193 633 suo
209 592 452 646 Thesauro,
482 591 558 632 ubi
577 601 620 632 et
640 592 910 632 Eustizthium
938 590 1128 641 adducit,
1159 604 1283 644 quem
1310 590 1410 631 vide
1439 590 1492 631 ad

37 645 205 694 ³·06vo‘6
234 651 272 700 δ,
303 650 439 704 paulo
470 649 644 718 longius
677 662 700 688 a
732 648 832 697 fine,
865 647 940 701 qui
961 657 1004 688 et
1019 645 1244 701 τρύσιππον
1258 647 1492 701 trisyllabe,

39 715 84 748 et
97 708 358 761 τρυσίππειον
370 703 693 776 τετρασυλλᾶβως
713 718 765 745 ex
783 705 989 759 Eupolide
1006 702 1119 758 apud
1135 704 1230 746 Aet.
1243 704 1496 757 Dionysium

39 761 204 816 adfert,
223 762 305 803 ubi
323 772 366 804 et
382 761 517 804 disces
539 759 589 806 δι’
605 761 827 819 ἐγκαύσεως
852 760 1099 801 huiusmodi
1119 766 1290 813 σημεῖον
1315 761 1490 801 factum.

37 819 112 861 aed
132 829 175 861 et
194 821 300 861 alias
321 819 443 875 equis
463 820 682 875 generosis
708 818 880 859 videtur
910 817 1026 857 inuri
1055 817 1225 873 signum
1250 817 1299 858 in
1330 818 1492 859 femore

37 876 226 920 solitum.
283 877 356 918 Sic
375 877 489 918 enim
507 877 795 917 Anacreontis
815 873 926 916 illud
943 874 1091 929 capio.

309 957 388 1000 ἔν’
371 958 511 1027 ισχίοις
529 975 600 1011 μεν
619 957 739 999 ιπποι

308 1011 439 1070 πυρὸς
454 1009 629 1071 χάραγμ’
646 1014 792 1068 ἔχουσι.
820 1017 934 1054 que.

149 1092 386 1159 rotomaco]
404 1093 620 1133 Kuehnius
629 1102 775 1133 noster
784 1093 1057 1147 τρυσίππειον,
1070 1090 1186 1147 quod
1197 1107 1248 1134 eo
1260 1101 1494 1147 praeeunte

38 1150 87 1191 in
114 1159 239 1191 textu
275 1151 458 1191 restitui.
527 1149 858 1204 Falckenburgii
887 1147 1033 1191 Codex
1070 1151 1339 1205 τρυσὶππιον,
1374 1149 1494 1219 ,quod

37 1217 198 1249 rectum
221 1221 407 1275 quoque.
420 1208 596 1261 Etymol.
618 1208 888 1276 τρυσίππειον,
919 1207 1131 1262 ἔγκαυμα
1113 1224 1238 1250 ιππου
1266 1205 1495 1264 γεγηρακό-

37 1282 107 1315 τος
126 1263 190 1307 &cl
213 1269 284 1318 τῆς
296 1262 470 1319 γνάθου,
505 1268 652 1318 τροχοῦ
683 1275 846 1317 ομοιον
883 1265 1081 1320 ἔγκαυμα,
1121 1278 1255 1319 eaque
1283 1264 1335 1304 de
1366 1278 1492 1304 causa

37 1322 262 1362 Anacreon
281 1319 362 1361 ode
379 1320 475 1362 LV.
502 1319 632 1376 πυρὸς
647 1320 848 1387 χάραγμα..
902 1321 1116 1364 Animalia
1139 1335 1240 1361 vero
1270 1320 1494 1360 sustineu-

39 1378 105 1418 dis
124 1377 343 1417 laboribus
371 1387 485 1428 nata,
525 1393 618 1418 cum
649 1378 702 1418 ad
730 1378 946 1434 segniores
982 1391 1118 1417 annos
1152 1377 1397 1427 venissent,
1440 1376 1492 1417 ab

38 1448 166 1490 opere
195 1432 358 1474 dimitti
382 1434 588 1478 solebant.
639 1450 726 1474 non
762 1449 935 1489 possum
966 1449 1054 1474 non
1088 1436 1257 1488 elegans
1289 1448 1336 1474 ea
1370 1435 1421 1474 de
1449 1449 1493 1474 re

36 1493 273 1546 exemplum
291 1490 526 1545 producere
547 1507 599 1531 ex
620 1492 845 1532 Plutarcho
867 1489 918 1532 de
935 1491 1089 1531 Solert.
1113 1490 1259 1534 Anim.
1279 1505 1373 1546 pag.
1395 1502 1492 1546 970.

34 1549 386 1601 Hecatompedum
404 1551 604 1600 templum
626 1563 719 1588 cum
740 1549 924 1589 Pericles
948 1548 995 1587 in
1016 1561 1111 1587 arce
1127 1548 1396 1587 Athenarum
1418 1562 1494 1588 ae—

37 1604 243 1654 dificaret,
255 1607 397 1658 plures
415 1608 626 1645 mulorum
641 1605 764 1660 bigae
780 1605 946 1660 lapides
964 1603 1270 1647 advectabant.
1300 1609 1381 1647 τῶν
1399 1619 1494 1647 συν·

36 1662 301 1730 ειργασμένων
319 1661 391 1716 μὲν
409 1659 658 1715 προθύμως,
685 1661 764 1717 ἤδη
788 1663 831 1706 δὲ
853 1661 920 1714 δια
934 1666 1075 1733 γῆρας
1104 1657 1334 1715 ἀφειμένων
1365 1659 1493 1732 ὀρέων

37 1717 92 1767 εἶς
109 1716 401 1790 κατερχόμενος
419 1721 475 1769 εἰς
501 1719 767 1774 Κεραμεικόν,
798 1721 868 1762 καὶ
884 1725 970 1769 τοῖς
994 1716 1194 1774 ἀνάγουσι
1203 1717 1374 1787 ζεύγεσι
1400 1716 1495 1768 τούς

35 1778 181 1825 λίθους
207 1773 419 1827 ὖπαντων,
458 1774 522 1819 ἆεὶ
549 1779 845 1830 συνανέστρεφε
871 1794 938 1820 και
963 1771 1362 1846 συμπαρετρόχασεν.
1403 1774 1494 1819 οἷον

36 1829 336 1889 ἐγκελευόμενος
352 1834 419 1875 καὶ
433 1838 675 1889 παρορμων·
706 1833 850 1875 viden'
874 1835 1033 1873 mulum
1048 1831 1114 1876 διὰ
1134 1830 1176 1876 τό
1191 1838 1315 1888 γῆρας
1331 1831 1494 1887 ἄφειμέ·

35 1906 124 1940 νον,
153 1889 345 1928 loboris
329 1905 546 1929 immunem
561 1901 731 1944 propter
744 1899 1007 1932 senectutem.
1046 1889 1117 1930 sed
1141 1899 1203 1942 tu,
1227 1893 1376 1941 lector,
1407 1901 1493 1930 tam

36 1950 220 2002 elegans,
250 1948 373 2002 quale
393 1945 465 1985 hic
487 1957 692 1998 narratur,
728 1948 865 1990 vetuli
899 1947 1006 1988 muli
1040 1961 1162 2002 opus,
1195 1960 1281 2001 quo
1313 1946 1493 1999 honore,

35 2017 175 2070 quove
202 2017 374 2043 munere
407 2001 582 2068 dignum
618 2004 864 2045 censueris?
903 2007 1091 2058 populus
1115 2005 1385 2044 Atheniensis
1415 2019 1493 2058 pu-

36 2059 147 2100 bliea
167 2058 317 2114 σιτήσει
336 2057 449 2099 hoc‘
436 2059 519 2113 rpsi
540 2060 709 2101 facinus
735 2061 981 2103 redhostiit.
1038 2061 1164 2100 Hane
1192 2060 1365 2102 eandem
1398 2061 1495 2101 his-

35 2117 203 2169 toriam,
235 2116 405 2170 aliaque
427 2130 534 2170 quae
556 2115 640 2156 hue
662 2127 858 2171 spectant
878 2118 1008 2159 habet
1034 2132 1209 2188 quoque
1227 2118 1493 2158 Plutarchus

38 2173 84 2213 in
109 2175 172 2214 M
211 2172 365 2213 Catone
394 2187 490 2227 pag.
520 2171 613 2228 559.
650 2188 772 2228 quem
812 2189 913 2216 vero
944 2174 1011 2218 διὰ
1045 2172 1089 2218 τό
1114 2180 1242 2247 γῆρας
1270 2170 1494 2228 ἀφειμένον

40 2230 337 2270 Chaeronensis
355 2239 499 2270 noster
511 2228 633 2282 dicit,
667 2232 876 2272 Aelianus
895 2237 974 2275 τῶν
992 2234 1033 2286 ἕρ
1011 2249 1119 2288 ργων
1139 2230 1399 2285 ἀπολυθῆναι
1418 2232 1492 2283 ait,

36 2286 111 2328 lib.
138 2287 336 2331 nimirum
369 2301 433 2329 vr.
468 2285 519 2326 de
546 2262 728 2330 Ani'mal.
762 2302 852 2341 cap.
886 2287 958 2344 49.
988 2290 1064 2330 ubi
1094 2288 1205 2330 hanc
1233 2289 1407 2330 eandem
1440 2302 1493 2327 ex

36 2345 268 2383 Aristotele
292 2352 460 2384 enarrat
478 2342 718 2383 historiam.
759 2358 812 2384 an
831 2346 1078 2401 Philosophi
1097 2349 1254 2397 locum,
1288 2346 1361 2401 qui
1393 2359 1492 2384 cor-

36 2409 187 2453 ruptus
205 2403 330 2454 plane
352 2415 399 2439 ac
422 2403 596 2439 mutilus
622 2409 741 2440 extat
761 2399 836 2444 lib.
861 2417 923 2446 vx.
948 2406 1038 2458 περὶ
1066 2401 1176 2454 ζώων
1201 2404 1378 2454 ἱστορίας
1401 2415 1490 2453 cap.

38 2454 103 2496 24.
126 2470 224 2522 pra-e
245 2457 380 2496 oculis
406 2455 792 2507 habue1it,·dicere
820 2473 907 2498 non
934 2459 1095 2502 habeo:
1140 2459 1309 2501 videtur
1336 2466 1491 2498 tamen.

36 2510 107 2552 sed
134 2511 206 2551 isti
230 2512 506 2554 emaculando
527 2528 673 2553 manus
693 2513 791 2555 heic
810 2529 897 2556 non
918 2531 1008 2558 sum
1029 2517 1290 2558 admoturus.
1347 2513 1491 2553 Notus

35 2578 76 2609 et
94 2567 273 2608 Horatii
293 2570 548 2611 versiculus:

252 2639 371 2677 Solve
385 2647 655 2679 senescentem
676 2648 840 2680 mature
857 2656 986 2683 sanus
1001 2657 1164 2697 equum.
1185 2663 1242 2674 ·-
