1664 3016
697 107 797 152 VII.
860 111 953 152 191.
1474 102 1558 149 537

94 230 257 278 παθῶν,
286 238 398 268 vers.
425 222 516 266 128.
557 224 598 264 Is
621 231 684 264 est
705 219 854 272 σάκκος
871 221 1042 277 τρίχινος
1057 218 1237 272 'Aput-al.
1255 232 1319 267 vx,
1342 227 1406 260 12.
1439 213 1558 270 quod

95 284 221 325 etiam
244 283 405 337 ἔσθημα
422 278 611 336 τρύχινον
631 277 759 336 (παρὰ
780 277 824 322 τὸ
843 278 1004 334 τρύχος)
1025 277 1187 318 dicitur
1205 274 1340 317 eidem
1350 275 1558 315 Nazianz-

100 341 261 384 Homil.
283 337 507 390 εἷςὲαυτόν
529 352 626 393 pag.
650 351 742 391 171.
776 345 819 376 et
840 334 968 388 ῥάκος
986 332 1174 390 τρύχινον
1197 332 1300 387 (nisi
1328 329 1559 387 legendum

95 397 156 437 sit
182 398 376 452 τρίχινον,
401 395 540 437 veluti
568 392 674 450 ῥάκη
705 389 861 446 άσθενῆ
878 394 946 436 καὶ
970 388 1135 447 τρύχινα
1159 388 1273 444 apud
1298 391 1421 429 Max.
1463 390 1557 440 Tyr.

93 458 179 510 ,λογι
199 453 276 509 μά)
297 452 422 494 Hom.
455 452 548 507 περὶ
577 453 848 505 φιλοπτωχίας
874 464 970 506 pag.
1005 447 1098 491 154.
1130 456 1172 488 et
1187 461 1314 502 carm.
1335 443 1388 486 ad
1412 443 1560 485 Helle-

95 513 216 551 nium
243 523 354 552 vers.
378 508 475 551 διο.
504 510 669 563 τρυχίνη
697 505 835 561 ἐσθής.
854 506 1018 560 Ioseph.
1039 519 1136 561 pag.
1160 515 1252 546 122.
1273 504 1336 544 D.
1358 502 1418 549 H.
1474 505 1558 541 szn.

209 564 522 622 σακχυφάντας]
556 566 626 606 Gl.
653 561 939 615 σακκοπλόκος,
972 563 1205 602 ,accan-ius.
1261 566 1407 601 Kumm.

211 621 522 682 σακχυφάντας]
562 621 682 663 Huic
709 621 912 672 lectioni,
943 633 1070 675 quam
1095 618 1203 658 beno
1230 615 1423 671 reposuit
1441 615 1560 655 Sebe-

95 678 188 734 ὶιιε,
218 681 338 721 favet
374 690 417 720 et
444 679 537 722 MS,
559 673 634 733 qui
671 676 957 730 σακκυφάντας
984 675 1126 717 habet.
1185 673 1434 727 Leopardus
1455 687 1560 729 quo-

98 753 182 794 que
202 753 258 780 11.
281 736 462 781 Emend.
482 737 519 779 5.
549 735 633 776 hoo
660 738 759 776 loco
780 733 979 790 'agnoscit
1009 729 1312 786 σακχυφάντας·
1344 744 1474 785 quum
1498 739 1562 768 ta-

95 809 193 841 men
223 793 344 850 prius
372 793 503 845 editi,
539 792 807 833 Basileenses
843 789 1041 844 quidem,
1082 803 1178 828 nam
1212 787 1319 828 aliae
1342 785 1561 828 editiones

96 854 240 892 nullae
268 850 322 891 ad
343 865 507 902 manus,
538 847 816 901 σακκιφάντας
847 844 1091 900 habuerint.
1150 843 1289 886 Verba
1316 853 1456 884 autem
1476 844 1562 883 De·

98 909 319 948 mosthem's
342 908 435 962 ipsa
458 907 625 961 profert
647 907 800 946 Noster
823 904 937 944 infra
955 917 1023 953 1x,
1044 900 1111 959 59.
1168 908 1277 942 Iunc..

210 974 396 1029 σάκκον]
445 976 516 1016 De
550 974 680 1014 huius
717 972 907 1014 nominis
940 970 1133 1012 variante
1173 969 1383 1021 scriptura
1431 965 1560 1007 modo

98 1049 193 1074 cum
215 1047 326 1083 uno,
358 1032 487 1072 modo
520 1046 613 1070 cum
639 1031 806 1071 duobus
824 1047 893 1079 κκ,
921 1026 1022 1070 vide
1044 1029 1237 1069 Nunnes.
1259 1026 1306 1065 in
1325 1025 1559 1080 Phrynich.

96 1092 246 1146 Eclog.
270 1105 303 1131 1.
335 1089 382 1129 in
403 1103 509 1129 voce
527 1085 685 1138 σάκκος.
742 1093 848 1127 Imm.

210 1157 404 1210 σακκίον]
444 1157 510 1196 Ita
543 1156 672 1196 etiam
705 1156 863 1196 suidas
891 1155 936 1193 in
969 1151 1138 1204 σάκκος,
1170 1151 1418 1207 profertque
1440 1150 1563 1192 testi-

98 1215 290 1255 monium
317 1227 340 1254 e
373 1213 534 1253 Genesi.
565 1213 664 1252 MS.
700 1223 750 1252 ut
781 1212 875 1252 dixi
901 1212 974 1252 hic
1008 1218 1361 1265 proparoxytone
1384 1207 1563 1258 ξσάκκιον

99 1271 240 1314 habet.
273 1270 388 1310 infra
405 1283 507 1311 vero
526 1283 571 1320 κ,
601 1269 694 1311 152.
726 1269 791 1309 bis
813 1272 953 1312 σακίων
966 1301 978 1321 ,
1012 1283 1106 1307 cum
1125 1281 1212 1307 uno
1230 1284 1254 1310 κ
1273 1275 1561 1320 paroxytone.

96 1335 280 1369 quenum.

211 1396 406 1448 σακκίον]
461 1394 789 1447 Falckenburgii
822 1395 974 1436 Codex
1002 1408 1038 1437 σ.
1075 1411 1105 1437 ε.
1138 1388 1167 1446 ἦ
1196 1408 1234 1434 κ.
1259 1388 1438 1443 σάκκον,
1479 1405 1560 1446 qua

98 1468 205 1496 voce
239 1451 453 1507 superflua
493 1452 620 1493 nobis
661 1465 749 1491 non
778 1465 843 1493 est
876 1466 996 1507 opus.
1048 1449 1218 1504 reperio
1249 1450 1415 1492 σακκίον
1447 1447 1562 1502 apud

96 1510 321 1552 Plutarch.
349 1510 439 1562 περὶ
467 1511 677 1563 δεισιδαιμ.
715 1510 787 1559 ἔξω
818 1508 994 1563 κάθηται
1022 1509 1190 1551 σακκίον
1221 1507 1343 1561 ἔχων,
1378 1502 1408 1559 ἢ
1434 1522 1564 1559 περιε-

99 1569 299 1622 ζωσμένος
330 1565 469 1617 ῥάκεσι
487 1568 702 1621 ῥυπαροῖς,
736 1565 787 1606 de
811 1567 986 1607 homine
1017 1563 1355 1620 superstitioso,¹
1375 1562 1452 1618 qui
1478 1561 1564 1602 hoc

98 1625 250 1666 habitu
267 1638 311 1665 se
332 1625 453 1664 Deos
475 1621 607 1663 iratos
631 1626 894 1677 placaturum
913 1623 995 1663 sibi
1017 1619 1310 1676 persuadebat.

210 1679 312 1737 ὑπὲρ
339 1679 574 1735 Μηκάλου]
604 1681 733 1719 Hunc
754 1682 927 1720 titulum
955 1679 1166 1721 orationis
1191 1676 1427 1732 Hyperidis
1449 1677 1563 1717 forte

99 1739 201 1779 falsi
233 1738 517 1789 convincam‚'
546 1751 691 1778 verum
724 1746 865 1777 tamen
894 1751 974 1793 ego
1006 1750 1093 1776 non
1126 1749 1242 1777 eruo.
1300 1734 1421 1773 Infra
1449 1733 1563 1774 enim

100 1795 177 1835 ubi
198 1794 342 1836 eadem
361 1809 469 1849 quae
486 1794 560 1834 hic
577 1795 736 1834 Pollux
754 1795 872 1846 citat,
902 1804 980 1846 est,
1010 1791 1111 1848 ὑπὲρ
1132 1793 1307 1847 μιμικᾶς,
1336 1800 1378 1831 et
1399 1791 1444 1829 in
1468 1789 1562 1831 MS.

101 1862 250 1892 nostro
280 1848 381 1906 ὗπερ
413 1869 533 1907 μικας
565 1850 650 1892 ibi:
693 1865 801 1906 quae
829 1866 897 1892 me
926 1866 980 1892 ex
1016 1851 1182 1891 incerto
1209 1847 1480 1890 incertiorem
1499 1848 1563 1886 fa-

102 1909 238 1949 ciunt.
294 1914 405 1950 Iuno.

211 1975 312 2032 ὑπὲρ
334 1974 572 2031 Μηκάλου]
606 1973 811 2019 Μυκάλου
842 1990 936 2016 cum
959 1977 1026 2018 CI.
1047 1975 1239 2015 Kaehnio
1260 1983 1324 2016 est
1350 1988 1372 2013 a
1403 1987 1472 2014 me
1501 1986 1564 2016 re·

101 2035 313 2076 stitutum.
376 2033 467 2088 [De
490 2033 569 2072 hac
591 2034 829 2086 Hyperidi&
863 2035 1059 2074 oratione
1086 2033 1187 2074 vide
1231 2045 1338 2088 quae
1372 2040 1473 2070 sunt
1495 2030 1566 2071 di-

103 2103 168 2148 pta
189 2107 239 2142 x,
261 2091 327 2148 59.
357 2089 590 2144 eodemque
620 2093 717 2129 loco
742 2104 828 2129 non
856 2090 1152 2145 perfunctorie
1179 2088 1230 2129 de
1258 2088 1404 2129 verbis
1425 2089 1565 2144 Eupo·

101 2149 220 2201 udis,
251 2162 361 2203 quae
383 2147 680 2186 molestissima
704 2156 819 2193 sunt,
850 2148 1027 2203 egimus¹
1069 2149 1137 2186 Ex
1157 2146 1410 2200 Addendis]

211 2212 508 2271 τυληφάντας.]
542 2216 610 2256 Sc.
633 2211 898 2267 τυλυφάντας.
918 2219 978 2257 Η.
1001 2217 1138 2269 Steph.
1198 2220 1282 2256 Sus.

214 2271 507 2327 τυληφάντας]
539 2266 797 2324 τυλυφάντης
814 2282 878 2311 est
897 2275 1140 2313 inculcator
1160 2275 1346 2322 tomenti,
1375 2273 1449 2325 qui
1468 2286 1564 2311 con..

104 2328 196 2379 &uit
218 2333 435 2372 culcitam.
471 2329 539 2368 Gl.
566 2327 675 2381 τύλη,
711 2328 913 2371 culcitra.
969 2337 1119 2370 Kumm.

216 2387 515 2441 τυληφάντας.]
559 2383 838 2427 scribendum
873 2400 965 2425 cum
1001 2387 1061 2428 H.
1092 2385 1307 2438 Stephano
1341 2387 1565 2434 (monente

105 2454 149 2485 et
168 2445 307 2484 Sebero
335 2447 504 2495 nostro)
540 2442 716 2482 omnino
748 2439 1012 2494 τυλυφάντας.
1044 2454 1092 2484 ut
1114 2443 1226 2482 iufra
1250 2457 1297 2489 x,
1319 2439 1385 2496 59.
1418 2442 1462 2479 in
1482 2440 1565 2480 hoc

107 2499 255 2541 eodem
282 2503 380 2540 loco
408 2500 638 2554 IIyperidis
669 2498 763 2537 MS.
798 2509 939 2539 noster
974 2500 1129 2540 diserte
1163 2498 1237 2538 ait.
1265 2497 1441 2550 carptim
1461 2496 1566 2537 haec

106 2558 272 2611 profert
310 2557 417 2598 hine
453 2567 496 2598 et
529 2558 714 2598 Nunnes.
748 2554 800 2594 ad
828 2556 1059 2610 Plzryniclz.
1089 2557 1239 2609 Eclog.
1274 2569 1304 2594 1.
1345 2554 1391 2593 in
1428 2551 1565 2609 τύλην.

108 2613 221 2669 apud
244 2627 366 2668 quem
387 2614 546 2669 pariter
565 2612 723 2654 vitiose
740 2609 993 2666 τυληφάντας
1010 2616 1136 2668 legas.
1192 2617 1296 2650 Ιυκο.
