1664 3016
676 139 800 181 VIII.
864 146 963 186 182.
1466 147 1545 186 821

92 249 311 291 commoda
331 250 391 290 sit
409 260 452 292 et
472 251 614 292 facilis
634 253 889 302 emendatio,
918 269 992 294 cur
1012 268 1111 307 prae
1128 253 1201 293 ina
1220 254 1548 309 Turnebipotius

91 307 381 357 cpniectursm
405 308 649 362 probaverit
666 311 1054 366 Canteruslegentis
1066 312 1227 361 bovam,
1243 311 1356 365 quod
1381 326 1457 351 vas
1476 313 1547 351 vi·-

90 363 257 414 qarium
282 373 345 404 est
366 367 542 419 longum
563 376 604 405 et
628 370 826 421 amplum.
859 367 1053 422 equidem
1075 382 1154 420 ego
1177 383 1411 420 cauponam
1429 383 1546 407 num-

91 433 215 475 quam
242 419 441 462 reiecero.
499 422 632 463 Porro
660 424 706 462 in
741 425 902 478 optima
932 427 1111 463 Mera-eri
1143 423 1350 475 editione,
1384 439 1492 478 quae
1522 438 1545 464 e

92 475 327 516 codicibus
353 477 473 517 MSS.
508 489 570 517 est
591 493 802 533 expressa,
830 482 1042 534 posterior
1063 481 1188 519 istius
1206 481 1292 520 loci
1311 496 1407 535 pars
1430 480 1546 520 hunc

90 533 137 572 in
169 531 341 572 modum
373 533 614 586 profertur:
645 545 735 576 tum
760 542 981 589 portitores
1000 553 1136 576 erram
1156 537 1284 578 duxe:
1314 552 1366 578 ex
1388 537 1543 592 quibus

91 589 172 632 etsi
198 590 412 628 sententia
443 604 530 630 non
557 590 720 632 diversa
743 595 921 648 propius
947 605 1090 634 tamen
1113 593 1165 633 ad
1189 594 1407 648 antiquam
1435 594 1547 633 scri-

89 655 257 701 pturam
285 645 474 701 refingo:
507 656 594 687 tum
622 653 838 702 portitores
864 666 965 690 aera
993 647 1160 691 incluse.
1211 650 1326 691 forte
1352 650 1547 691 maluerit

30 750 34 753 ἱ
92 703 191 758 quis
214 706 462 755 portitoris,
493 705 563 743 cui
590 707 758 760 quidem
790 722 869 763 ego
897 722 983 747 non
1016 706 1272 763 refragabor.
1319 721 1413 746 erra
1443 721 1544 747 vero

89 759 406 800 vetustissimus
435 775 523 800 esse
555 762 768 803 scribendi
799 779 905 814 mos,
938 764 1011 818 qui
1042 765 1169 803 etiam
1201 764 1247 802 in
1268 762 1544 803 marmoribus

90 816 284 870 antiquis
304 827 543 870 comparet:
572 830 861 876 praeterquam
886 821 1001 874 quod
1026 834 1114 860 non
1138 835 1231 859 raro
1252 820 1296 859 in
1326 819 1448 859 libris
1471 833 1544 860 ve-

90 872 322 914 terioribus
359 872 654 929 diphthongus
696 877 740 916 in
779 878 1013 932 simplicem
1054 880 1246 917 solvatur
1284 879 1471 916 vocalem
1502 884 1546 915 et

89 943 321 971 consonam
349 941 606 985 sequentem,
644 933 704 972 sic
733 935 844 974 enim
869 945 910 974 et
941 933 1055 986 apud
1087 925 1270 973 Graecos
1294 933 1547 986 παροίκολλος

87 1000 167 1040 pro
193 981 446 1041 παρᾶκωλος,
477 987 598 1027 cuius
617 991 780 1043 generis
805 994 995 1044 exempla
1015 991 1059 1029 in
1090 999 1237 1029 nostro
1261 991 1437 1028 Polluce
1456 1003 1544 1028 non

88 1057 222 1096 pauca
242 1044 526 1097 reperiuntur.
587 1047 791 1101 Denique
811 1049 963 1086 indaxe
990 1046 1209 1101 antiquum
1232 1055 1295 1085 est
1314 1060 1391 1099 pro
1414 1045 1546 1084 indu-

87 1102 223 1148 πέδω,-
281 1100 633 1154 quemadmodum
679 1104 883 1143 Caecilius
933 1103 978 1142 in
1024 1104 1308 1156 Synaristosis
1348 1116 1547 1155 prospexe

89 1154 204 1208 apud
238 1157 343 1196 Gell.
373 1158 469 1198 XV.
508 1159 570 1199 15.
630 1161 819 1200 Naevius
845 1161 891 1199 in
938 1161 1155 1211 Triphallo
1187 1173 1356 1212 sumpse.
1417 1157 1545 1212 Apud

95 1213 325 1254 Varronem
356 1212 406 1252 de
442 1215 491 1257 R.
523 1218 575 1255 R.
607 1217 792 1256 subduxe
819 1217 978 1272 legitur
1001 1218 1046 1255 in
1076 1216 1265 1268 antiquis
1287 1214 1434 1262 libris,
1469 1228 1543 1253 no-

89 1278 207 1310 tante
237 1271 275 1310 V
278 1272 428 1310 ictorio
439 1301 453 1319 ,
492 1283 623 1325 prout
655 1273 768 1326 apud
810 1276 1045 1313 Terentium
1074 1273 1258 1325 produxe
1291 1272 1336 1310 in
1366 1271 1544 1323 Adelph.

88 1327 184 1370 Act.
214 1327 291 1368 IV.
322 1328 385 1370 Sc.
417 1340 455 1368 2.
517 1328 773 1383 Opportune
794 1345 892 1371 vero
914 1330 1085 1380 induxe,
1117 1329 1179 1368 sic
1197 1329 1309 1368 enim
1330 1328 1457 1368 etiam
1478 1327 1544 1365 de-

83 1383 334 1436 fraudasse,
383 1384 594 1425 oblevisse.
644 1386 817 1427 videtur
851 1397 989 1427 autem
1023 1386 1097 1426 illa
1126 1384 1332 1441 loquendi
1360 1385 1544 1423 formula

88 1441 223 1494 prisci
252 1441 432 1482 nitoris.-
462 1443 640 1495 aliquem
671 1446 739 1484 vel
761 1445 946 1484 alicuius
967 1457 1068 1482 aera
1089 1442 1296 1487 inducere,
1354 1442 1423 1480 Ex
1446 1438 1544 1480 Ad-

87 1498 273 1551 ‹lendis-J

204 1552 444 1609 ἐμπορικαὶ]
485 1556 707 1608 Interpres,
738 1556 1000 1609 emporiaHa,
1031 1565 1081 1594 ut
1113 1553 1248 1595 editio
1283 1555 1544 1594 Basileensis

89 1611 219 1667 legit:
249 1614 358 1651 male
381 1612 464 1651 iam
492 1611 655 1662 editur,
689 1614 950 1667 temporalia.
1011 1613 1139 1653 Vetus
1176 1612 1389 1654 Onomast.
1423 1614 1544 1665 ε’μπο·
1605 1643 1608 1647 «

91 1667 217 1726 ρικός,
247 1671 502 1709 institorias.
561 1670 740 1713 Romu.

202 1722 452 1780 δεκατήρια]
480 1725 588 1781 Leg.
622 1726 930 1779 δεκατευτήρια,
958 1728 1054 1766 loca
1076 1725 1245 1764 decimis
1266 1725 1333 1763 vel
1353 1726 1544 1776 vectiga-

93 1784 200 1824 libus
233 1783 480 1836 colligendis
510 1783 752 1835 destinata,
786 1784 858 1823 ubi
885 1793 927 1823 et
957 1782 1007 1823 de
1036 1781 1209 1822 decimis
1230 1780 1544 1821 controversiae

93 1838 404 1880 indicabantur.
437 1836 584 1891 δεκάτη
605 1841 731 1880 etiam
757 1840 917 1896 species
944 1839 1165 1894 vectigalis
1189 1847 1288 1881 erat.
1309 1837 1396 1879 vid.
1426 1839 1543 1876 Har-

88 1911 206 1951 pocr.
239 1896 284 1935 in
315 1896 572 1951 (interraneis.>
611 1899 765 1939 Meurs.
794 1899 890 1937 Act.
929 1898 1052 1938 Lect.
1090 1895 1165 1934 lib.
1198 1895 1281 1936 III.
1322 1908 1358 1933 c-
1389 1906 1428 1935 2.
1467 1892 1544 1932 ubi

93 1954 200 2008 legit
218 1961 344 2002 recte,
375 1951 654 2007 δεκατευτήρια
674 1970 767 1994 curn
799 1954 848 1995 C.
872 1954 923 1993 V.
981 1955 1160 1994 KuEnN.

208 2007 450 2064 δεκατῆρια]
491 2011 588 2050 Ηοο
619 2011 819 2050 vitiosum
847 2010 1100 2050 vocabulum
1131 2007 1311 2048 retinuit
1345 2016 1389 2047 et
1424 2007 1545 2059 Sigo-

95 2070 206 2120 nius,
239 2065 335 2105 dum
366 2066 471 2105 haec
500 2066 560 2106 ita
592 2066 894 2120 interpretatur
924 2066 1040 2106 dicto
1064 2066 1146 2104 iam
1167 2068 1292 2104 loco.-
1327 2063 1546 2115 Τέληῇιε-

94 2134 192 2165 runt
210 2137 316 2178 quae
343 2126 786 2176 quinquagesimarum
818 2124 1074 2173 collectores,
1106 2130 1144 2160 et
1158 2124 1384 2175 portitores
1401 2134 1547 2171 exege—

95 2190 217 2223 runt:
267 2180 495 2233 aliquando
529 2184 657 2219 etiam
689 2177 907 2233 δεκατῆρια
937 2182 1238 2228 instituerunt,
1266 2177 1445 2233 fuitque
1474 2176 1546 2214 de-

97 2242 210 2281 cima
230 2237 352 2286 τέλος.
409 2237 518 2275 Vera
550 2237 661 2276 enirn
687 2238 819 2277 lectio
845 2247 922 2285 est,
954 2251 1077 2290 quam
1103 2236 1197 2276 MS.
1231 2244 1374 2272 noster
1394 2232 1544 2272 habet:

95 2297 164 2341 καὶ
188 2291 486 2346 δεκατευτήρια.
545 2292 670 2333 Vidit
689 2292 773 2332 hoc
792 2303 834 2333 et
862 2299 917 2335 H.
952 2293 1198 2346 Stephanus,
1232 2304 1358 2344 quare
1377 2288 1426 2327 ad
1458 2290 1549 2327 vul-

97 2362 241 2408 gatum
279 2349 492 2403 ὃεκαιήρια
534 2350 580 2388 in
603 2364 680 2389 suo
703 2349 864 2391 Codice
887 2350 940 2390 ad
966 2365 1077 2389 oram
1102 2347 1321 2400 adposuit:
1357 2360 1413 2383 an
1432 2347 1546 2387 δεκα-

96 2406 305 2462 τευτήριας
341 2423 363 2447 a
397 2404 620 2450 δεκατεύειν
652 2407 878 2454 nimirum,
912 2406 1027 2461 quod
1059 2407 1238 2446 τελωνεῖν
1272 2402 1398 2441 etiam
1417 2414 1547 2454 expo·

98 2465 165 2504 nit
196 2465 446 2517 Hesychius.
495 2464 598 2502 hinc
628 2474 842 2503 exactores
876 2464 959 2516 ipsi
994 2461 1249 2510 δεκατευταὶ,
1290 2457 1479 2509 τελῶναι,
1507 2462 1546 2500 οἱ

97 2520 172 2572 τήν
191 2521 338 2564 δεκάδα
363 2521 391 2571 ἦ
411 2519 578 2570 δεκάτην
612 2520 849 2573 ἐκλέγοντες,
881 2529 930 2558 ut
961 2519 1019 2558 ait
1042 2517 1287 2570 Hesychius·
1346 2516 1404 2553 Et
1426 2517 1550 2552 Har-

93 2581 286 2632 pocratio
299 2594 312 2616 .·
339 2576 574 2625 δεκατευτάς
589 2591 599 2602 ·
628 2575 717 2618 ἀντὶ
736 2577 806 2619 τοῦ
827 2574 1015 2626 τελώνας,
1046 2572 1138 2621 τούς
1158 2571 1227 2622 τήν
1245 2567 1415 2621 δεκάτην
1432 2570 1551 2612 ἔκλε’-

94 2653 250 2691 γοντας.
310 2631 512 2688 Ἀντιφῶν
532 2637 573 2677 ἐν
595 2634 646 2689 τῇ
664 2631 764 2690 πρός
785 2635 1077 2687 Δημοσθένους
1093 2636 1252 2687 γραφῇ·
1284 2628 1346 2671 ὅτι
1363 2631 1404 2670 δὲ
1424 2626 1472 2678 ἦν
1492 2645 1548 2670 τε·
