1664 3016
114 132 197 174 716
239 140 241 142 “
718 125 839 166 VIII.
898 128 966 171 95.

115 238 714 286 convocassent-concionem,
745 238 966 279 solvebant
989 243 1184 280 mulcta'm
1215 241 1328 282 mille
1346 239 1567 283 dra‘chma-

113 314 204 337 rum
228 305 511 335 consecratam
535 297 761 335 Minervae.
786 297 999 337 Demosth.
1032 308 1177 336 contra
1204 301 1378 340 Ίίνηοσν.
1420 306 1564 340 Kum.

225 353 298 394 τόν
319 354 360 394 δὲ
380 355 508 405 δῆμον
528 350 707 408 τετράκις
723 363 798 394 etc.
808 353 823 404 ]
845 352 952 395 QVid
973 354 1116 405 Sigon.
1137 370 1188 397 11·
1212 354 1263 394 de
1283 355 1388 408 Rep.
1406 356 1563 398 Athen.

112 409 152 454 4,
175 409 227 449 de
248 409 471 458 concione,
502 409 623 448 cuius
645 408 911 448 advocandi
899 423 965 448 ius
986 409 1198 450 habebant
1220 419 1561 464 prytanes.1uue.

226 464 305 519 πρὸ
332 470 402 516 τῆς
425 467 596 520 βουλῆς]
630 466 724 509 MS.
744 466 940 519 προτέρας
964 470 1129 520 βουλῆς,
1159 469 1223 514 καὶ
1243 468 1321 522 πρὸ
1341 469 1397 513 ἐκ.
1456 474 1536 511 San.

225 521 304 576 πρὸ
329 525 398 575 τῆς
418 525 576 578 βουλης]
566 523 651 573 ]C
679 523 726 562 V.
746 524 940 577 προτέρας
957 525 1052 562 loco
1072 521 1150 579 πρὸ
1170 542 1254 577 της,
1268 528 1386 566 male.
1417 531 1562 565 Knmm.

222 578 300 633 πρὸ
334 583 404 630 τῆς
438 579 609 634 βουλῆς]
651 580 745 619 MS.
778 579 1087 634 προγράφουσιν
1112 582 1303 634 προτέρας
1329 585 1366 635 5.
1392 583 1459 624 καὶ
1485 599 1537 636 πρ
1542 579 1564 625 ὁ

111 638 212 680 ἕκκλ.
234 647 281 676 ut
306 646 347 676 et
363 637 500 675 Sebm·
526 635 626 677 MS.
659 636 729 675 sed
762 639 932 691 vulgata
964 637 1093 676 lectio
1111 635 1217 676 bene
1242 637 1391 687 habet·
1427 638 1563 692 deque

112 694 196 734 hoc
217 708 332 733 more
354 692 477 732 adeas
502 693 644 746 Sigon
668 692 741 732 lib.
766 709 818 732 11.
842 692 891 732 de
906 694 1011 744 Rep.
1022 694 1126 736 Aclz
1146 691 1561 746 cup.5.et4.1une.

222 748 301 804 πρὸ
324 754 395 803 τῆς
416 750 640 803 ἐκκλησίας]
663 747 706 790 C.
731 749 778 788 A.
800 747 880 804 πρὸ
904 750 1130 803 ἐκκλησίας·
1159 753 1422 804 χρηματίζειν,
1443 766 1564 805 agero

110 808 328 874 significat
359 822 452 846 cum
484 821 619 846 sermo
654 815 716 846 est
743 806 792 844 de
823 808 1004 845 Senatu:
1043 817 1085 845 at
1113 805 1163 846 de
1182 824 1210 847 π
1214 808 1364 863 ροὲδρςο
1385 806 1561 859 dictum,

110 877 173 905 est
196 861 451 918 ὑποβάλλειν,
473 878 644 915 monere,
663 864 878 915 subiicere,
902 862 1004 951 quid
1023 864 1079 903 sit
1097 851 1375 907 tractandum.
1415 863 1561 918 Ulpia-

111 937 190 962 nus
209 923 252 960 in
287 924 600 960 Timocrateam.
659 927 804 961 ΚυεΗΝ

221 984 298 1021 τῶν
317 972 355 1020 δ’
380 978 478 1020 ἕκκλ.
499 995 524 1028 η
547 976 617 1031 μὲν
641 977 792 1031 κυρία]
834 977 882 1016 (3.
910 977 965 1019 A.
997 978 1125 1029 θυρίσι
1154 979 1272 1017 male.
1314 978 1484 1016 Peticus
1514 976 1561 1017 in

109 1036 160 1076 L.
178 1038 230 1076 L.
256 1034 418 1074 Atticas
439 1033 556 1074 addit
578 1046 676 1086 post
692 1037 815 1083 κυρία
839 1032 878 1084 ά,
912 1044 959 1072 ut
979 1033 1225 1089 designetur
1245 1033 1377 1087 prima
1394 1033 1561 1074 concio.

111 1092 272 1134 Concio
291 1093 411 1141 κυρία
428 1105 581 1130 nomen
609 1087 776 1130 habet'
754 1088 834 1132 απὸ
861 1096 934 1133 τοῦ
951 1097 1118 1144 κυροῦν,
1151 1105 1179 1128 a
1196 1091 1482 1139 confirmando
1495 1090 1561 1129 de-

109 1159 234 1191 creta.
266 1147 570 1188 confirmabant
594 1149 704 1186 enim
730 1146 999 1202 magistratus
1022 1147 1175 1212 dignos
1192 1147 1279 1186 suis
1299 1146 1558 1196 muneribus,

109 1217 150 1245 et
174 1208 253 1245 alia
273 1204 573 1259 psephismata.
606 1203 692 1243 vid.
720 1202 859 1243 SclzoZ.
881 1207 1097 1256 Aristoplz,
1126 1204 1170 1242 in
1191 1204 1383 1245 Acharn.
1405 1203 1488 1243 ab
1476 1203 1559 1242 ini·

108 1264 185 1314 tin,
215 1262 287 1302 ubi
309 1261 536 1301 conciones
570 1259 798 1315 distinguit
818 1261 861 1299 in
881 1270 963 1299 tres
983 1262 1202 1315 νομίμους,
1236 1261 1486 1312 ordinarias,
1518 1269 1561 1300 et

106 1318 380 1373 προσκλήτους
416 1320 485 1358 vel
529 1318 792 1371 συγκλήτους,
837 1327 1086 1355 convocatas.-
1125 1316 1178 1356 0b
1216 1315 1304 1358 τινὰ
1332 1318 1554 1371 ἐπείγοντα.

110 1376 193 1418 vid.
216 1390 343 1429 supra
361 1384 403 1416 et
420 1374 637 1427 Aristoph.
662 1375 707 1412 in
725 1375 914 1413 Acharn.
937 1383 978 1412 et
999 1373 1211 1413 Demosth.
1235 1373 1354 1413 Orat.
1375 1373 1558 1425 defalta

108 1437 529 1488 legatione,KUE11m

218 1495 297 1532 τῶν
324 1486 366 1531 δ’
394 1490 494 1531 ἐκκλ.
521 1484 548 1541 ἦ
575 1487 644 1541 μὲν
674 1487 881 1543 κυρία]ι
866 1485 965 1528 MS.
989 1491 1069 1528 τῶν
1089 1487 1132 1530 δὲ
1158 1488 1259 1530 ἕκκλ.
1295 1485 1381 1529 vid.
1415 1484 1467 1526 de
1486 1485 1555 1525 his

107 1557 288 1604 quatuor
318 1545 545 1585 ordinariis
575 1544 860 1584 concionibus
886 1543 991 1582 hinc
1020 1545 1167 1597 Sigon.
1194 1543 1346 1585 lib.11·
1377 1542 1428 1583 de
1450 1543 1553 1596 Rep.

106 1606 258 1646 Atlzen
291 1618 382 1656 cap.
415 1602 455 1642 4.
478 1602 551 1640 ubi
580 1612 622 1642 et
652 1602 893 1640 Aristotelis
913 1599 1036 1639 verba
1057 1602 1234 1653 profert,
1266 1599 1380 1639 unde
1402 1600 1557 1639 Pollux·

107 1677 181 1701 sua
212 1661 380 1699 hausit:
422 1673 528 1713 quae
552 1669 594 1698 et
626 1673 703 1714 ego
728 1673 780 1697 ex
806 1661 1143 1728 Harpocrafione
1165 1658 1208 1695 in
1232 1660 1352 1711 κυρία
1371 1658 1558 1709 ἐκκλησία

107 1720 334 1792 inspe'1rgo
377 1717 478 1765 τίνες
502 1717 541 1758 ὁὲ
564 1718 608 1758 αἱ
625 1717 760 1769 κυρίαι
784 1716 1005 1767 ἐκκλησίαι,
1030 1711 1308 1768 Ἀριστοτέλης
1334 1710 1574 1766 δεδηλωκεν.

105 1778 147 1819 ἐν
165 1779 215 1831 τῇ
227 1772 369 1824 'Aflm
373 1776 470 1814 αίων
492 1775 682 1844 πολιτείᾳ,
700 1773 824 1825 λέγων
840 1787 934 1820 τους
933 1788 1156 1840 πρυτανεις
1174 1769 1359 1841 συνάγειν
1375 1769 1447 1824 τὴν
1459 1773 1556 1839 βου·

104 1832 203 1885 λὴν,
231 1833 299 1873 καὶ
318 1829 387 1872 τὸν
406 1833 546 1883 δημοι,
577 1849 603 1884 η
625 1829 699 1882 τὴν
718 1827 892 1883 βουλὴν,
924 1824 1137 1881 ὁσημέραι·
1166 1826 1270 1880 πλην
1293 1826 1361 1870 ἐάν
1381 1844 1440 1876 τις
1458 1824 1555 1879 αφέ-

106 1904 221 1943 σιμος
247 1903 293 1944 η·
332 1885 402 1929 τὸν
435 1887 475 1929 δὲ
496 1891 642 1955 δῆμον,
672 1884 848 1940 τετράκις
866 1889 935 1935 τῆς
957 1887 1226 1939 πρυτανείας
1212 1883 1398 1936 ἑκάστης
1429 1899 1553 1938 προσ-

103 1946 333 2001 γράφουσιν
353 1944 422 2001 (an
443 1957 765 1999 προγραφουσιν,
787 1952 835 1981 ut
856 1941 1025 1981 videtur
1045 1943 1242 1994 Sigonius
1267 1942 1432 1997 legisse,
1459 1955 1554 1991 pro-

103 2003 295 2044 scribant
315 2000 654 2070 interpretando)
685 2001 728 2042 δέ
749 2014 850 2051 φησι
869 2000 934 2040 καὶ
955 2001 1098 2051 κυρίαν
1123 2000 1353 2051 ἐκκλησίαν,
1386 1996 1476 2041 ἐν
1446 2017 1473 2055 η
1495 2001 1559 2040 δεῖ

103 2058 173 2109 τὰς
194 2057 313 2112 ἀρχὰς
334 2054 673 2130 ανποχειροτονεῖνὶ,
707 2060 746 2098 οι
769 2060 946 2098 δοκοῦσι
955 2073 1006 2108 μη
1028 2061 1157 2105 καλως
1175 2056 1342 2124 ἄρχειν·
1378 2057 1444 2097 καὶ
1452 2041 1554 2125 περὶ

104 2121 287 2168 φυλακῆς
316 2119 387 2167 τῆς
413 2114 560 2167 χώρας·
600 2116 667 2156 καὶ
687 2131 758 2162 τας
777 2115 1019 2187 εἰσαγγελίας
1048 2115 1090 2155 ἒν
1109 2111 1228 2170 ταύτῃ
1248 2117 1298 2167 τῇ
1316 2107 1443 2168 ἡμέρᾳ
1461 2129 1554 2160 τους

101 2174 368 2230 β)υλομε’νους
383 2174 589 2214 ποιεῖσθαί
606 2187 718 2223 φησι,
749 2173 811 2212 καὶ
829 2188 877 2211 τα
897 2172 998 2222 ἑξῆς.
1059 2170 1176 2209 Avus
1197 2184 1312 2209 meus
1335 2169 1496 2211 Comm
1514 2183 1552 2209 ο.

102 2232 196 2286 594.
236 2232 378 2284 κυρίας
406 2238 544 2267 statas
571 2237 612 2268 et
635 2229 849 2279 leaicimas
871 2228 1197 2280 interpretatur,
1228 2225 1487 2279 adducitque
1509 2234 1552 2265 et

103 2290 176 2328 illa
192 2286 489 2338 Aristophanis
514 2284 767 2325 Achai-,nens
790 2284 914 2336 οὔσης
931 2287 1072 2338 κυρίας
1089 2284 1304 2336 ἐκκλησίας.
1360 2289 1465 2322 Iunc.

216 2346 325 2399 εἴπερ
347 2348 473 2392 καλῶς
498 2342 684 2397 ἔχουσιν]
716 2342 809 2381 ΝΙὸ.
829 2347 914 2383 καλ.
937 2339 1138 2394 ἄρχουσιν.
1198 2345 1277 2378 San.

213 2404 321 2454 εἰπερ
340 2405 470 2450 καλῶς
487 2399 670 2453 ἔχουσιν]
705 2398 753 2439 C.
786 2400 833 2437 A.
859 2399 939 2440 εἴπε
945 2415 965 2450 ρ
989 2415 1025 2439 κ.
1056 2397 1258 2451 ἄρχουσιν.
1279 2396 1328 2437 C.
1351 2395 1402 2436 V.
1425 2397 1462 2438 εἰ
1481 2412 1552 2438 κα-

101 2464 176 2508 λῶς
195 2458 376 2513 ἄρχουσι.
407 2457 631 2498 lectionem
651 2455 760 2494 hanc
781 2455 949 2494 firmat
938 2469 1029 2507 ipse
1046 2454 1189 2494 Pollux
1214 2467 1302 2507 cap.
1324 2465 1360 2508 9.
1379 2452 1491 2494 Sect.
1514 2468 1549 2494 ι.

101 2533 158 2556 an
182 2518 280 2555 bene
298 2519 555 2566 magistratu
564 2510 830 2609 fungantur.
887 2518 1036 2550 Knmm.

214 2575 323 2622 εἴπερ
343 2577 470 2620 καλῶς
489 2572 672 2624 ἔχουσιν]
709 2568 799 2610 MS
834 2571 868 2611 εἰ
885 2573 1014 2616 καλῶς
1033 2567 1238 2637 ἄρχουσιν,
1268 2569 1303 2609 εἰ
1323 2583 1434 2620 αποχ.
1495 2567 1550 2606 Et

103 2630 370 2670 restituamus
394 2631 522 2683 vulgo
549 2629 657 2682 εἴπερ
681 2630 810 2675 καλως
838 2623 1028 2680 ἄρχουσιν
1051 2643 1076 2679 η
1098 2621 1135 2667 ἆ.
1153 2635 1231 2664 etc.
1280 2634 1327 2663 ut
1346 2634 1389 2664 et
1411 2624 1552 2662 Seben·
