1696 3028
724 125 823 167 VII.
879 130 950 172 33.
1046 127 1054 147 '
1480 127 1564 170 265

97 241 291 298 scripsit.
319 242 418 292 ἴσως
432 245 555 299 κοινῆ
569 241 676 294 λέξει.
715 240 876 283 Nescio
894 249 1035 282 tamen
1059 253 1114 280 an
1135 239 1310 305 vulgata
1325 239 1455 281 lectio
1475 255 1563 280 non

99 298 322 341 commode
342 300 482 366 possit
508 300 694 355 exponi:
725 301 768 342 ἐν
786 305 833 357 τῇ
857 296 957 357 αὐτῇ
977 299 1077 348 λέξει
1094 296 1274 349 scilicet,
1305 297 1420 352 apud
1445 298 1566 338 Atti-

99 371 174 397 cos
205 356 334 398 etiam
369 357 557 398 inveniri
587 355 798 397 eiusmodi
835 370 1059 396 commune
1092 354 1292 406 verbum,
1328 365 1378 395 ut
1405 354 1452 393 in
1485 355 1564 395 illo

99 428 223 468 quem
256 413 432 458 subiicit
461 413 702 467 versiculo,
741 424 784 456 et
817 413 976 453 alicubi
1002 412 1156 465 etiam,
1196 422 1248 452 ut
1275 411 1419 459 addit,
1451 411 1566 464 apud

99 470 443 525 Nicophontem
430 486 476 510 m
493 471 704 515 Pandora.
740 471 815 526 qui
828 484 930 511 sane
948 469 1149 511 Comicus
1165 468 1439 511 Atheniensis
1463 470 1563 518 fuit,

100 528 239 583 ipsius
269 522 574 583 Aristophanis
605 529 846 585 σύγχρονος,
877 537 927 567 ut
951 542 1008 567 ex
1029 526 1167 567 Suida
1190 525 1419 579 discimus,
1451 501 1566 581 apud

103 599 229 640 quem
250 593 392 627 tamen
416 596 614 640 corrupte
638 587 728 643 legi
760 585 886 627 credo
919 581 1158 640 Νικὸφρων.
1218 586 1421 638 Νικοφῶν
1451 584 1565 624 enim

102 641 218 698 apud
235 643 443 684 Nostrum
471 643 631 683 citatur
652 644 838 698 saepiuS.
895 641 979 683 Sed
999 640 1052 682 ad
1070 655 1236 682 versum
1261 643 1424 695 ipsum,
1450 638 1506 683 ‘O
1531 639 1566 684 δ’

101 697 344 752 ἐξυφαίνεθ’
365 699 517 750 ἱστοῦς,
552 697 574 743 ὅ
597 702 637 743 δὲ
658 701 846 752 διάζεται,
874 709 925 739 ut
954 697 1216 749 accedamus,
1246 701 1308 741 H.
1329 699 1568 752 Stephanus

100 755 176 797 hic
191 757 439 800 adnotavit.
469 760 522 798 In
530 758 715 811 proverb
727 759 854 800 Erus.
865 759 1051 796 citatur:
1081 757 1472 808 Hictelamtexuit,
1495 758 1569 795 ille

103 813 290 855 diduxit.
314 814 507 855 Laborat
518 825 658 856 autem
673 816 720 855 iu
729 830 778 857 ea
787 815 985 871 παροιμία
998 817 1201 855 Erasmus
1211 827 1339 866 super
1349 813 1567 854 hocversu

101 880 144 912 et
165 871 392 928 legendum
415 871 658 925 arbitratur,
692 871 715 916 ὅ
741 872 812 928 μὲν
838 867 1073 926 ἐξυφαίνεθ’
1096 866 1221 923 ἷστὸν,
1252 868 1275 913 ὅ
1305 871 1348 914 δὲ
1371 869 1566 921 διάζεταιε

101 928 196 970 sive
224 927 342 983 quod
375 928 642 983 probabilius
670 944 762 971 esse
792 929 875 981 ait,
917 929 1078 978 ὅιέζετο.
1116 941 1264 969 vocem
1293 928 1407 969 enim
1436 926 1570 978 ἵστοῦς

101 985 230 1025 etiam
253 986 378 1026 metri
398 986 606 1028 rationem
626 1001 843 1042 respuere.
874 984 991 1042 quod
1013 994 1057 1027 et
1074 985 1134 1024 H.
1156 985 1430 1038 Stephanus'
1417 1000 1463 1024 ιιι
1487 1000 1566 1026 suo

102 1041 323 1083 Thesauro
363 1041 499 1093 dicit,
547 1044 716 1097 sibique
744 1043 882 1086 videri
916 1040 1169 1113 legendum,
1213 1040 1237 1086 ὅ
1262 1039 1306 1085 63,
1327 1040 1567 1097 ἕξυφαίνεθ’

102 1096 212 1149 ἴστὸς
241 1108 323 1140 etc.
364 1100 561 1169 quamvis
593 1100 703 1141 illud
728 1102 904 1142 Erasmi
939 1098 1050 1144 ἷστόν
1078 1113 1168 1139 ιιοῐι
1194 1099 1378 1141 reiiciat.
1446 1100 1568 1142 addit

100 1155 338 1199 Erasmus:
374 1158 490 1209 Quid
505 1161 545 1197 εἰ
564 1157 671 1209 διάζε
674 1164 772 1201 σθαι
792 1168 855 1198 est
873 1159 1053 1198 stamini
1070 1157 1185 1210 quod
1199 1166 1381 1210 superest
1400 1159 1566 1210 addere,

103 1228 249 1254 sensus
270 1217 376 1257 erit.-
413 1216 534 1255 Alter
559 1230 682 1256 orsus
711 1225 800 1266 est,
831 1219 939 1256 alter
967 1212 1164 1270 perfecit.
1220 1215 1383 1256 Poetae
1412 1230 1568 1256 nomeu

102 1274 231 1326 plane
250 1270 378 1312 aliter
397 1270 525 1311 habet
547 1274 776 1324 Erasmus,
807 1287 957 1327 nempe
994 1271 1262 1330 Nicophanes
1287 1275 1334 1312 in
1355 1272 1569 1325 Pandora,

102 1329 288 1369 forsitan
308 1329 402 1369 eius
421 1329 657 1370 coniiciens
682 1330 798 1372 hunc
816 1327 1095 1372 versiculum:
1116 1329 1230 1385 quod
1254 1340 1395 1370 tamen
1418 1345 1440 1370 e
1461 1333 1569 1370 Pol-

102 1386 215 1426 lucie
235 1385 377 1426 verbis
399 1400 487 1426 non
508 1397 652 1442 potest
669 1389 798 1429 facile
832 1388 995 1444 colligi,
1029 1386 1106 1443 qui
1127 1388 1408 1442 Nicophontis
1423 1390 1567 1429 locum

102 1456 194 1484 non
216 1440 351 1483 addit.
412 1450 520 1485 que

215 1495 239 1542 ὅ
262 1500 304 1543 δὲ
323 1501 376 1553 ἐξ.
386 1506 403 1552 ]
433 1500 533 1545 vid.
553 1516 675 1557 prov.
703 1505 795 1543 Hic
816 1500 948 1542 telam
964 1503 1113 1555 texuit,
1142 1498 1216 1541 ille
1241 1501 1425 1544 diduxit.
1483 1510 1567 1547 Sus.

213 1555 429 1612 υφανσιν]
466 1560 575 1612 Sylb.
594 1575 658 1614 pr.
681 1559 783 1603 edit.
806 1558 975 1613 υφάνιν.
1035 1561 1121 1601 Sus.

190 1613 426 1687 ,ὕφανσινᾎ
452 1616 516 1660 Cl.
544 1618 767 1657 Kuehnius
802 1632 880 1674 pro
910 1634 1092 1671 υφανιν,
1126 1614 1244 1671 quod
1267 1617 1535 1687 legebatur'
1522 1635 1568 1659 ιιι

102 1669 237 1716 Basil.
259 1672 363 1714 edit.
399 1688 579 1729 υφανσιν
595 1676 812 1729 reposuit,
840 1674 917 1715 sed
941 1675 1344 1728 Falckenburgias‘
1326 1674 1493 1729 ν’φασιν.

215 1729 471 1830 βῙιαζόμενος]
507 1737 561 1778 Η.
586 1733 825 1786 Stephanus
857 1731 1104 1785 adnotavit,
1136 1734 1356 1788 σημείωσαι
1383 1732 1571 1790 βιαζόμε-

104 1804 188 1839 νος.
259 1805 335 1828 σιω

219 1843 417 1916 Πλάτων]
456 1846 510 1887 In
545 1846 631 1888 fine
670 1849 881 1903 Dialogi‚
924 1848 1004 1904 qui
1039 1846 1294 1887 inscribitur
1328 1847 1568 1899 Πολιτικόςς

105 1907 222 1946 τοῦτο
243 1900 319 1958 γὰρ
340 1906 388 1946 ἓν
414 1904 482 1947 καὶ
505 1902 600 1948 όλον
631 1907 709 1949 ἔστι
732 1910 956 1979 βασιλικῆς
967 1902 1261 1976 ξυνυφάνσεως
1283 1906 1422 1963 ἔργον,
1453 1909 1571 1962 μηδέ-

106 1978 205 2004 ποτε
222 1961 294 2018 ἔᾷν
308 1959 559 2014 ἀφίστασθαι
578 1961 773 2020 σώφρονα
791 1962 871 2007 ἆπό
899 1980 980 2006 των
999 1959 1202 2033 ἀνδρείων
1224 1961 1334 2037 ᾔθη·
1366 1966 1570 2034 ξυγκερκί-

108 2022 226 2069 ζοντα
246 2019 288 2061 δὲ
308 2015 546 2071 ὅμοδοξίαις,
563 2022 632 2062 καὶ
652 2028 781 2075 τιμαῖς
799 2022 867 2065 καὶ
889 2027 1021 2076 τιμαῖς
1038 2023 1106 2064 καὶ
1124 2017 1311 2075 ἀτιμίαις,
1328 2023 1398 2065 καὶ
1421 2019 1570 2082 δόξαις,

107 2077 178 2118 καὶ
202 2075 401 2145 ὁμηρειῶν
428 2074 633 2119 ἐκδόσεσιν
657 2081 713 2128 εἰς
739 2076 937 2148 αλλήλους
959 2085 1068 2122 λεῖον
1095 2080 1163 2121 καὶ
1179 2077 1222 2120 τὸ
1242 2078 1454 2135 λεγόμενον
1476 2078 1571 2132 εὐή-

105 2151 220 2190 τριον
237 2148 417 2188 υφασμα,
445 2133 667 2188 ξυνάγοντα
687 2139 728 2188 ἔξ
755 2132 889 2180 αὐτων
911 2155 982 2187 τας
1000 2137 1043 2179 ἐν
1064 2142 1151 2187 ταῖς
1171 2132 1336 2180 πόλεσιν
1368 2155 1490 2194 αρχας
1512 2134 1572 2181 αεὶ

107 2196 230 2248 κοινῇ
246 2191 405 2240 τούτοις
425 2192 660 2258 ἐπιτρέπειν.
718 2200 868 2234 KtmnN.

218 2252 406 2306 βασιλικῇ
429 2247 696 2304 ξυνυφανσει]
727 2250 1049 2293 Emendandum
1072 2260 1195 2304 putu,
1225 2254 1435 2306 βασιλικῆς
1454 2253 1572 2302 ξυνν-

109 2322 308 2376 φανσεως.
366 2308 513 2347 Locus
532 2307 727 2348 Platonis
752 2319 817 2349 est
851 2319 1041 2350 extremo
1062 2309 1268 2349 Politico:
1298 2315 1415 2351 τοῦτο
1436 2327 1511 2377 γαρ
1526 2312 1572 2351 ἓν

108 2366 175 2407 καὶ
197 2361 293 2407 ολον
313 2365 392 2407 ἐστὶ
418 2368 630 2434 βασιλικῆς
661 2364 985 2435 ξυνυφανσεως’
965 2368 1113 2438 fbyov,
1144 2366 1339 2421 μηδέποτε
1366 2367 1439 2423 ἐᾷν
1466 2362 1573 2418 αφί-

112 2429 282 2464 στασθαι
308 2421 504 2478 σώφρονα
527 2419 607 2466 ἀπὸ
631 2441 712 2466 των
735 2419 932 2480 ἀνδρείων
956 2424 1055 2479 ἤθη.
1086 2426 1393 2481 ξυγκερκίζοντα
1424 2423 1465 2465 δὲ
1489 2432 1570 2462 eto.

109 2484 294 2523 IuNeunM.

228 2536 404 2591 Esvorp]
446 2539 593 2577 Locus
632 2539 915 2591 Xenophontis
950 2549 1013 2580 est
1045 2534 1276 2594 Ἀπομνημ.
1307 2537 1404 2576 libr.
1438 2552 1492 2576 11.
1523 2546 1574 2576 ut

111 2592 185 2633 hic
203 2593 369 2634 indicat
387 2596 646 2650 Stephanus,
667 2595 742 2650 qui
762 2606 805 2636 et
820 2595 904 2636 hoc
921 2596 1169 2652 adscripsit:
1203 2602 1249 2635 in
1276 2594 1417 2634 eadem
1434 2595 1573 2647 signi-

101 2653 322 2701 ficatione.
376 2663 502 2710 atque
535 2654 619 2694 hoc
650 2662 739 2693 erat
764 2653 1039 2695 manifestum
1071 2657 1140 2696 vel
1174 2661 1339 2693 tacente
1372 2651 1469 2692 illo:
1518 2650 1573 2691 ad
