1664 3016
694 133 804 173 VII..
856 135 950 177 179.
1458 131 1553 175 505·

91 263 182 305 que·
203 247 571 298 emendationem,
614 245 665 286 ad
701 261 822 303 quam
861 248 1216 290 Commentatores
1249 254 1417 287 nostros
1444 241 1540 284 ani-

91 323 200 347 mum
233 320 320 346 non
356 306 530 344 vertisse
565 304 789 355 miramur,
830 305 966 344 textui
998 304 1180 344 inserere
1209 316 1296 343 nou
1331 302 1538 344 dubitavi.

92 362 171 419 [1⁴13
193 363 279 403 hae
300 361 579 402 adnotatione
609 376 699 401 mea
737 362 988 402 vocabulum
1018 360 1334 414 praeambulas,
1367 375 1443 415 per
1474 375 1540 400 me

89 420 218 473 lieet,
245 419 295 458 ιιί
323 419 553 473 placuerit,
586 418 752 458 reiiciat
775 419 938 458 Lector
964 418 1218 458 benevolus:
1251 416 1542 474 intelligebam

90 488 238 517 autem
280 476 414 515 varias
450 474 711 515 diversorum
742 476 1123 516 Grammaticorum
1163 475 1544 515 commentationes

91 532 143 574 de
163 521 416 582 Comoedia,
445 531 622 587 eiusque
654 533 822 589 origine
850 543 890 572 et
922 531 1187 581 auctoribus,
1216 545 1325 585 quae
1354 541 1451 571 ante
1479 532 1552 571 fa-

89 589 209 630 bulas
232 589 540 641 Aristophanis
562 590 774 643 praemitti
804 592 958 631 solent.
1018 587 1100 628 Sed
1127 588 1194 628 uti
1227 588 1435 628 hocloco
1463 604 1539 643 pro

95 647 270 690 Cratino
301 647 446 686 Crates
469 655 530 685 est
555 645 832 698 substitutus,
863 644 924 685 ita
957 644 1143 686 vicissim
1177 659 1347 686 necesse
1373 655 1469 696 est,
1494 655 1554 686 ut-

95 704 269 744 Cratino
294 702 501 744 concedat
527 702 669 772 Crates
700 702 811 758 apud
833 705 936 757 Etyu.
939 704 1120 756 aologum
1150 702 1195 742 in
1216 708 1547 771 Διακαυνιεῦσαι,

89 764 378 830 διακληρῶσαι·
419 763 573 828 καῇνος
611 777 686 815 γαρ
725 756 925 831 λέγεταιὸ
964 764 1136 814 κλῆρος·
1175 756 1339 830 Κράτης
1369 763 1541 816 Πυλίνῃ,

89 813 188 861 Ἀπό-
212 819 415 890 προτέρου
440 815 510 859 τὸν
545 821 696 859 καῦιον
722 815 978 871 α’ριθμησεις·
1021 818 1095 859 καὶ
1117 814 1217 872 ἐγω,
1260 813 1315 866 ὦς
1349 820 1551 861 Καυνίωνὲ

91 873 262 929 μάλιστα
285 875 525 941 χρωμένων·
557 873 780 930 legendum
808 875 919 915 enim
951 874 1162 929 Κρατῖνος
1192 875 1373 931 Πυτίνῃ,
1417 889 1545 930 quam

93 932 197 973 mihi
236 933 524 972 coniecturam
564 931 856 971 constabilivit
882 931 1181 982 Aristophanis
1209 915 1460 971 scholiastes
1489 931 1545 972 ad

92 991 277 1038 Pacem,
307 988 425 1028 cuius
452 987 601 1037 verba,
634 1002 687 1028 ne
706 987 813 1043 quid
832 987 1015 1041 supersit
1036 986 1350 1037 dubitationis,
1375 987 1543 1028 adscri-

93 1045 212 1086 bam·
232 1021 302 1088 ”H
312 1043 634 1089 διακαυνιάσαι
613 1044 643 1098 ἢ
658 1043 1022 1112 διακληρώσασθαι,
1039 1041 1254 1118 πότεροιέξ
1277 1043 1392 1099 ’ἡμῶν
1412 1047 1543 1088 τέλεον

91 1099 462 1173 διαφθαρήσονται
505 1106 659 1144 καῦνον
685 1118 759 1156 γαρ
786 1101 856 1144 τὸν
880 1106 1031 1155 κλῆρον
1057 1104 1182 1155 φασί·
1223 1103 1290 1145 καὶ
1301 1103 1365 1173 'xiv
1386 1099 1540 1151 αλλοις.

92 1157 218 1211 πόσος
247 1155 339 1204 ἔσθ’
362 1156 385 1202 ὅ
414 1162 567 1208 καῦνος
586 1169 665 1198 etc.
708 1160 774 1200 καὶ
797 1163 996 1228 Κρατῖνος
1012 1160 1055 1201 ἐν
1079 1160 1257 1216 Πυτίνῃ·
1287 1157 1367 1202 απὸ
1395 1161 1544 1230 προτέ-

92 1234 169 1272 ρου
200 1216 272 1261 τὸν
301 1219 452 1259 καῦνον
467 1212 718 1270 ἆριθμήσεις
767 1215 914 1266 ἄλλως·
953 1212 1042 1258 αντὶ
1069 1220 1145 1259 τοῦ
1169 1221 1456 1270 κληρωθῆναι,
1489 1214 1545 1267 ὦς

91 1279 170 1317 τῶν
191 1276 367 1317 καυνίων
385 1271 548 1326 μάλιστα
571 1274 803 1327 χρωμένων,
834 1275 901 1316 καὶ
918 1271 1138 1326 σιφνιάζειν
1159 1274 1225 1316 καὶ
1245 1274 1415 1328 βιαζειν·
1450 1275 1544 1314 for-

93 1331 204 1386 sitan
219 1345 319 1385 nec
313 1332 429 1370 male
448 1330 593 1380 facies
615 1330 651 1369 si
668 1328 948 1373 διακαυνιασαι
966 1329 1230 1371 reddideris
1219 1346 1263 1370 in
1277 1332 1541 1385 Etymologo:

92 1381 306 1445 praeterea
327 1387 396 1429 καὶ
422 1384 496 1442 ε’γω
527 1387 679 1428 vitium
711 1387 809 1440 alit,
844 1386 960 1442 quod
992 1386 1120 1426 velim
1157 1387 1238 1427 viri
1271 1386 1542 1427 humaniores

93 1442 315 1510 detegant,
346 1452 388 1484 et
416 1443 607 1486 eiiciant
642 1445 798 1498 putavi
829 1457 1012 1498 semper,
1044 1442 1254 1484 defectum
1281 1458 1369 1485 esse
1401 1447 1543 1484 locum

91 1510 134 1543 et
165 1502 309 1555 aliqua
331 1509 450 1570 parte
470 1509 708 1541 truncatum
723 1532 735 1550 ,
778 1511 853 1541 aut
875 1510 987 1541 certe
1006 1500 1339 1551 restituendum,
1370 1502 1544 1544 ἐκαλεῖτο

91 1556 147 1609 δὲ,
174 1558 339 1599 scilicet
358 1554 382 1600 ὅ
398 1562 540 1611 κλῆρος
559 1562 731 1613 καῦνος·
765 1573 850 1598 rem
870 1556 1083 1611 expediet,
1110 1557 1146 1596 si
1167 1557 1237 1596 cui
1255 1557 1299 1597 in
1321 1556 1400 1598 hac
1426 1568 1545 1612 parte

91 1616 243 1656 Musae
265 1625 307 1655 et
324 1614 420 1656 Dea
443 1614 602 1655 Critica
626 1615 686 1654 sic
714 1614 925 1666 faverint,
956 1624 1006 1653 ut
1028 1613 1170 1653 mihi
1158 1627 1216 1653 ιιι
1229 1613 1400 1654 Cratino
1422 1614 1544 1655 redu-

94 1670 229 1715 cendo
268 1671 448 1712 fuerunt
486 1671 713 1727 propitiae.
785 1671 999 1726 Quoniam
1030 1686 1132 1711 vero
1170 1671 1215 1710 in
1246 1670 1351 1711 haec
1382 1671 1543 1712 inculta

93 1731 188 1769 lcca
217 1728 329 1770 forte
359 1727 491 1769 delati
524 1743 693 1778 sumus,
735 1728 863 1768 etiam
892 1726 1215 1767 Commentators·
1240 1728 1545 1781 Aristophanis

94 1784 315 1840 purgando
333 1785 545 1840 paulisper
568 1800 693 1841 opera
714 1795 776 1826 est
796 1784 944 1827 danda.
975 1785 1065 1825 eins
1087 1795 1225 1825 autem
1249 1783 1374 1825 verba
1400 1799 1545 1840 quam-

95 1841 158 1882 vis
197 1842 362 1896 integra
411 1841 689 1897 omnibusque
723 1841 909 1883 numeris
938 1851 979 1882 et
1007 1841 1180 1896 syllabis
1211 1842 1398 1896 perfecta
1428 1854 1545 1896 prae,

95 1907 205 1949 stare
222 1911 308 1937 non
330 1911 543 1967 queamus,
572 1899 720 1939 licebit
745 1909 900 1946 tamen,
927 1899 1112 1968 opinor,
1142 1897 1439 1940 emendatione
1460 1913 1545 1938 cer·

95 1954 256 1995 tissima
279 1968 357 2008 pro
385 1953 534 2010 βιαζειν
554 1956 783 1996 rescribere
804 1953 1046 2026 λεσβιαζειν·
1077 1954 1131 2006 ὥς
1148 1955 1226 2005 (ita
1242 1955 1426 1995 forsitan
1448 1970 1549 2010 sup·

96 2007 320 2067 plendum)
346 2013 414 2054 καὶ
433 2011 656 2065 σιφνιαζειν
671 2031 739 2055 και
760 2010 1000 2068 λεσβιαζειν·
1029 2013 1170 2053 voluit
1199 2011 1309 2054 enim
1334 2012 1546 2052 formandi

95 2068 419 2124 congruentiam
451 2077 493 2108 et
525 2070 819 2123 aequalitatem
843 2084 918 2125 per
936 2070 1049 2109 haec
1077 2072 1266 2124 exempla
1291 2070 1547 2109 Scholiasta

96 2124 340 2173 ostender&
383 2135 449 2165 uti
478 2140 677 2165 ”mutum
705 2140 726 2164 a
758 2129 922 2180 σίφνος,
959 2129 1144 2180 σίφνιος,
1176 2123 1421 2180 σιφνιᾶζειν,
1453 2127 1548 2168 λέσ-

98 2186 192 2237 βος,
222 2183 400 2237 λέσβιος,
437 2180 680 2237 λεσβιάζειν,
711 2182 773 2222 sic
803 2197 824 2222 a
854 2188 1043 2233 Καῦνος.
1076 2181 1265 2234 καύνιος,
1304 2183 1545 2232 καυνιάζειν.

97 2238 182 2282 Sed
215 2253 383 2292 vereor,
414 2248 463 2278 ut
493 2238 632 2294 gravis
666 2238 722 2278 sit
744 2239 916 2281 Lectori
950 2251 1095 2281 nostra
1129 2240 1350 2298 garrulitas
1374 2250 1416 2280 et
1435 2243 1549 2279 mul-

98 2297 367 2373 tiloquentia.
427 2297 494 2335 Ex
518 2295 760 2350 Addendie]

211 2351 362 2407 ληνὸν]
414 2353 463 2394 C.
496 2353 548 2393 A.
578 2357 714 2395 λῖνον·
753 2352 844 2403 (ita
874 2363 917 2395 et
946 2354 1111 2404 Salm.)
1149 2356 1255 2394 male
1296 2352 1340 2392 id
1365 2351 1546 2407 quidem.

98 2417 361 2522 Κωῧωλῖηνόν]
391 2467 463 2507 Sic
487 2466 681 2520 reposuit
700 2474 740 2503 et
763 2465 807 2503 in
830 2464 991 2506 Codice
1009 2481 1088 2507 suo
1113 2469 1174 2508 H.
1197 2466 1444 2519 Stephanus.
1477 2478 1548 2503 an-

101 2533 167 2563 tea
199 2526 361 2579 vulgati
389 2523 500 2567 λινὸν
528 2526 634 2562 male
664 2521 886 2564 habebant.
920 2521 1032 2564 dixit
1062 2524 1123 2564 ita
1144 2522 1379 2563 Menander
1405 2522 1448 2564 ἐν
1479 2525 1551 2575 δη-

98 2597 290 2636 μιουργῳ,
322 2591 369 2619 ut
392 2581 517 2621 habes
537 2580 646 2618 infra
672 2594 716 2626 X,
745 2590 835 2619 102.
893 2586 992 2620 que.

212 2635 364 2692 ληνὸν]
407 2637 657 2686 Editiones‚
691 2649 797 2689 quae
827 2636 1093 2676 Seberianam
1126 2643 1462 2681 antecesserunt,
1494 2639 1546 2678 λι
