1664 3016
690 96 814 138 VIII.
873 101 941 144 40.
1458 102 1540 146 645

88 208 280 251 criminis
303 210 493 250 accusari
514 209 550 250 is
576 209 748 258 dicitur,
784 210 859 265 qui
878 219 1024 252 testem
1045 211 1187 268 coegit
1219 211 1363 253 testari
1392 220 1539 252 contra

88 266 156 307 ius
171 267 338 322 fasque.
369 274 516 307 Konna.

199 325 348 377 ξενίας]
378 323 698 379 Peregrinitatis
715 323 828 364 actio
846 333 933 364 exat
950 324 993 362 in
1015 322 1275 380 peregrinos,
1290 325 1380 391 qui
1403 340 1447 366 se
1466 340 1533 381 ge·

83 370 233 420 rebant
253 394 330 446 poro
349 379 527 422 civibus.
558 383 796 434 δωροξενίας
825 383 924 420 dica
944 380 1119 420 cadebat
1141 381 1267 421 etiam
1287 382 1331 421 in
1350 382 1533 436 peregri·

84 450 179 482 neS,
211 436 287 491 qui
306 434 415 476 datis
434 436 680 477 muneribus
706 437 1022 492 peregrinitatis
1053 437 1324 478 accusatione
1353 453 1396 478 se
1423 438 1534 479 libe-

83 502 300 533 reverant:
340 493 658 549 peregrinitat1s
688 493 747 533 rei
778 494 1003 534 manebant
1033 494 1077 533 in
1110 508 1286 545 carcere,
1317 509 1451 549 usque
1481 493 1534 534 ad

83 557 250 604 tempus
277 549 429 601 iudicii
459 550 686 602 subeundi,
723 559 765 590 et
793 550 1109 606 peregrinitatis
1140 551 1334 603 convicti
1364 550 1533 593 vende-

82 597 239 645 bantur
257 605 444 675 publice.
477 613 623 649 Kussax.

191 658 456 729 ζιαρανὸμων]
488 662 732 719 παρανόμων
751 662 862 703 actio
888 662 1065 703 feriebat
1084 676 1173 715 eos,
1206 663 1282 717 qui
1301 678 1413 704 nova
1437 657 1531 719 lege

79 717 211 758 aliis‘
200 733 280 759 iam
301 720 400 760 latis
421 719 692 774 delegabant,
723 729 766 760 et
786 729 1006 774 propterea
1028 722 1169 773 legum
1187 720 1440 769 violatarum
1463 735 1530 760 ac-

80 775 356 823 cusabantur.
370 775 457 815 vid.
481 776 727 818 Orationem
750 777 1042 816 Demosthenis
1061 785 1207 814 contra
1222 777 1390 831 Leptin.
1412 787 1454 817 et
1476 792 1527 818 11.

79 841 226 872 contra
267 835 497 886 Aristogit.
537 834 714 873 durabat
759 842 898 873 autem
938 832 1051 872 actio
1092 832 1232 886 leguni
1273 833 1528 874 violatarum

77 903 208 928 unum
231 899 395 938 tantum
433 904 612 937 annum,
643 891 703 929 ita
729 899 800 940 ut,
832 888 869 928 si
903 889 1128 929 convictus
1155 898 1265 928 esset
1290 898 1439 929 auctor
1463 893 1528 930 le-

77 941 155 999 gis,
181 946 368 985 criminis
391 959 549 999 poenas
572 945 708 995 daret;
732 949 874 999 elapso
896 955 1035 985 autem
1055 959 1168 984 anno
1192 943 1331 985 adhuc
1355 945 1528 999 quidem

77 1001 169 1058 ipsa
207 1002 320 1042 actio
357 1001 545 1042 nondum
575 1003 860 1056 expiraverat‚
891 1001 1174 1066 'expiraverat
1210 1015 1312 1042 vero
1351 1005 1524 1043 mulcta.

78 1067 284 1098 caeterum
307 1059 344 1098 si
370 1069 486 1098 actor
516 1073 630 1098 reum
662 1072 748 1098 non
776 1057 1034 1108 convicerat,
1068 1057 1159 1111 ipse
1187 1060 1382 1098 mulctam
1410 1058 1527 1099 mille

76 1111 362 1155 drachmarum
393 1114 596 1154 solvebat.
638 1114 858 1155 Ordinarii
878 1114 1041 1154 iudices
1058 1112 1187 1152 huius
1200 1113 1388 1154 criminis
1407 1124 1527 1154 erant

81 1172 397 1222 Τὴεειηοιῆιιαε,
416 1185 650 1226 quanquam
671 1180 789 1211 extra
818 1170 1010 1210 ordinem
1035 1181 1076 1210 et
1095 1170 1202 1210 alius
1227 1170 1399 1211 Archon
1426 1185 1523 1211 ean-

76 1223 170 1270 dem
210 1242 375 1268 causam
415 1237 712 1281 cognosceret,
747 1227 784 1266 si
813 1227 980 1268 scilicet
1003 1226 1091 1282 legi
1122 1225 1368 1284 derogatum
1400 1237 1524 1281 esset,

75 1286 197 1335 cuius
231 1286 364 1324 tutela
397 1282 447 1322 ad
483 1284 621 1337 ipsum
654 1284 905 1337 pertinebat.
969 1283 1057 1339 Qui
1087 1292 1149 1324 ter
1182 1285 1406 1324 convictus
1435 1293 1525 1324 erat

72 1346 212 1398 legum
235 1340 504 1387 violatarum,
533 1340 706 1379 infamis
723 1340 1097 1392 pronunciabatur,
1129 1348 1171 1379 et
1190 1340 1225 1379 si
1239 1339 1404 1381 Rhetor
1421 1351 1524 1393 erat,

71 1413 159 1439 non
180 1397 363 1451 amplius
385 1395 565 1436 habebat
586 1406 838 1451 potestatem
867 1411 943 1450 pro
968 1396 1174 1436 concione
1197 1395 1383 1438 dicendi.
1442 1396 1524 1437 Ac·

71 1456 134 1496 tio
157 1452 398 1509 παρονόμων
415 1452 590 1494 cadebat
609 1453 737 1494 etiam
754 1452 800 1492 in
825 1463 1016 1495 auctores
1037 1450 1317 1508 ψηφισμάτων
1336 1449 1523 1506 ἀνεπιτη-

68 1508 201 1557 δείων.
232 1518 378 1553 KUEEN.

182 1569 432 1622 δοκιμασίας,
463 1566 562 1621 etc.]
603 1565 875 1607 Probationis
904 1567 1016 1607 actio
1054 1566 1302 1607 movebatur
1321 1565 1521 1608 Rhetori-

69 1625 163 1674 bus,
190 1624 384 1676 ducibus,
416 1623 599 1678 aliisque
620 1623 947 1677 magistratibus,
979 1633 1022 1664 et
1050 1623 1094 1662 in
1130 1638 1177 1662 ea
1207 1623 1297 1664 vita
1329 1633 1520 1664 anteacta

69 1682 132 1721 rei
153 1679 425 1723 examinandi
457 1680 534 1719 sub
565 1694 739 1720 acumen
769 1694 967 1720 censurae
998 1679 1209 1730 veniebat,
1245 1689 1294 1719 ut
1320 1680 1520 1734 liqueret,

70 1748 210 1778 utrum
231 1737 384 1792 dignus
404 1746 512 1776 esset
530 1736 613 1776 hoc
644 1739 712 1777 vel
739 1736 816 1776 illo
846 1736 1023 1787 honore,
1053 1750 1202 1776 necne.
1259 1736 1325 1776 Ita
1349 1737 1521 1776 Aeschi-

70 1809 140 1833 nes·
174 1794 393 1836 Timarcho
431 1792 632 1848 ἐπήγγειλε
665 1795 924 1848 δοκιμασίαν,
966 1795 1233 1832 denuntiavit
1256 1792 1519 1845 probationis

69 1849 198 1903 litem,
229 1865 281 1889 an
300 1850 463 1889 scilicet
481 1858 674 1902 respectu
695 1850 811 1890 vitae
834 1850 1015 1904 turpiter
1040 1859 1155 1890 actae
1175 1849 1221 1887 in
1243 1849 1426 1904 aliquam
1447 1848 1518 1889 ad-

68 1905 371 1946 ministrandae
387 1906 666 1959 Reipublicae
687 1915 847 1960 partem
876 1904 1163 1946 admittendus
1193 1915 1311 1947 esset.
1371 1906 1520 1945 Noster

68 1964 181 2003 infra
203 1962 327 2004 docet
347 1962 557 2003 actionem
581 1962 824 2016 ἑταιρήσεως
846 1963 973 2004 etiam
995 1962 1081 2003 dici
1101 1961 1379 2018 δοκιμασίανῆ
1398 1964 1518 2018 ἔπαγ-

64 2021 216 2076 ysaiam
244 2027 390 2060 Kumm.

179 2078 431 2132 δοκιμασίας,
462 2075 565 2128 etc.]
595 2073 691 2118 MS.
710 2075 794 2115 alio
817 2084 915 2115 casu
933 2076 1168 2129 δοκιμασία,
1197 2071 1366 2125 εὖθῦνα,
1398 2073 1518 2114 dein.

67 2133 119 2175 de
158 2143 208 2173 ut
242 2135 372 2188 vulgo
404 2134 748 2185 παραπρεσβείας,
790 2141 876 2170 tum
910 2133 1062 2173 iterum
1093 2132 1290 2184 varians,
1322 2128 1515 2185 προβολή,

67 2208 194 2258 φασις
216 2199 295 2232 etc.
357 2190 416 2228 Et
439 2197 564 2238 recte,
595 2198 725 2241 puto,
767 2190 1040 2256 legamusque
1067 2189 1150 2228 ita.
1182 2191 1412 2242 δοκιμασία,
1443 2204 1516 2229 ευ-

65 2244 194 2298 θύνα,
221 2247 570 2300 παραπρεσβείας,
600 2242 798 2298 προβολη,
829 2244 964 2296 ᾳοῖσις.
997 2247 1059 2284 sic
1082 2244 1194 2285 enim
1223 2255 1264 2285 et
1299 2259 1398 2284 mox
1431 2243 1513 2282 ha-

67 2301 199 2352 bebis,
229 2313 277 2342 ut
295 2303 510 2354 δοκιμασία
525 2315 625 2340 mox
640 2316 771 2369 segm.
795 2298 862 2342 44.
879 2302 953 2340 ubi
983 2301 1088 2341 haec
1116 2300 1285 2356 singula
1314 2299 1511 2352 explicat

67 2368 108 2399 et
131 2358 288 2399 ibidem
305 2374 432 2414 segm.
457 2358 524 2400 45.
544 2355 699 2400 εὔθυνα
722 2367 768 2396 ut
789 2357 872 2408 hic,
905 2357 1019 2412 quod
1042 2372 1092 2396 eo
1114 2357 1238 2396 modo
1258 2357 1347 2397 MS.
1369 2364 1514 2395 noster

66 2425 308 2456 constanter
327 2424 478 2465 servat,
508 2423 556 2452 ut
575 2428 700 2480 supra
729 2427 854 2480 segni,
875 2426 939 2456 22.
958 2424 1000 2454 et
1018 2429 1143 2480 segm.
1167 2411 1234 2453 30.
1263 2411 1439 2465 dixique
1470 2420 1512 2450 et

65 2471 176 2525 apud
203 2473 457 2524 Hesychiam
495 2484 604 2510 esse.
648 2467 823 2520 ευθύνα,
864 2472 1002 2512 δικαία
1041 2467 1277 2523 διόρθωσις,
1323 2469 1510 2517 ἐξέτασις.

63 2529 234 2567 tertium
272 2530 600 2581 παραπρεσβείας
634 2541 761 2581 segm.
800 2503 867 2567 46.
907 2528 951 2565 in
982 2525 1073 2567 MS.
1110 2524 1293 2579 quidem.
1332 2522 1513 2577 προβολη

63 2583 168 2625 ibid.
186 2587 293 2625 male
313 2599 410 2625 veto
429 2584 500 2624 hic
529 2582 752 2625 ediderunt
780 2592 902 2623 antea
929 2583 1174 2640 προσβολῆς·
1212 2596 1341 2637 quum
1372 2590 1510 2621 tamen
