1664 3016
707 110 830 152 VIII.
893 115 985 154 136.
1472 119 1555 158 829

99 221 338 281 λαγχάνειν,
366 224 468 274 τινὲς
490 224 533 267 δὲ
563 227 828 279 διαιρεῖσθαι·
861 223 967 264 editi
999 223 1110 264 enim
1129 229 1282 274 λαλεῖν,
1311 233 1354 265 et
1371 229 1559 279 μοιρολα-

100 287 196 326 htv.
268 280 454 321 Videtur
500 295 673 335 quoque
710 295 788 335 pro
839 283 968 336 μερίδι
1022 281 1329 320 emendandum
1378 284 1557 337 μερίδας,

98 338 213 379 vitio
234 352 287 378 ex
308 337 623 391 compendiaria
644 339 854 390 scriptura
883 338 931 377 in
959 335 1045 377 fine
1076 336 1280 377 dictionis
1299 347 1417 379 nato.
1476 337 1560 380 Sed

102 393 157 436 ad
178 395 400 434 Pollucem
417 396 625 433 nostrum.
682 401 794 435 Imm.

213 451 509 505 μοιρολαχεῖν.]
558 451 655 490 Alia
686 451 759 490 hic
788 450 930 491 omnia
955 449 1001 488 in
1022 449 1354 503 Falckenburgii
1376 449 1562 504 Codice3

101 506 334 556 nimirum,
373 506 419 549 τὸ
451 508 492 549 δὲ
517 512 771 563 μοιρολαχεῖν
801 504 1105 561 τραγικώτερον,
1152 519 1259 560 quae
1296 521 1350 546 an
1386 510 1562 564 vulgata

100 564 292 606 lectione
312 565 487 604 mellora
507 565 595 604 sint
614 563 819 604 censenda
844 563 1069 602 arbitretur
1083 566 1228 605 lector.

214 621 283 663 καὶ
310 621 471 675 νέμησις
496 618 656 671 οὐσίας,
689 622 799 674 ete.]
844 620 892 661 C.
926 620 979 662 A.
1007 617 1106 658 dein
1134 620 1288 672 νέμεσις
1321 617 1460 670 οὐσίας
1481 628 1561 664 etc.

99 678 170 721 καὶ
188 674 218 732 ἦ
233 676 411 727 διάτασις
426 676 495 731 (C.
516 679 567 718 V‘.
587 677 765 729 δάτασις)
795 678 944 732 βέλτιον
961 675 1004 717 δὲ
1025 672 1046 717 ὅ
1067 675 1228 730 δασμός.
1258 676 1306 716 C.
1325 677 1379 718 V.
1400 674 1570 732 δεσμός·.

103 733 220 790 quod
248 735 449 775 alienum.
477 734 766 787 vidsHesych.
786 734 831 773 in
850 731 1025 786 δάτησις.
1080 739 1230 774 Κσεεικ.
1561 729 1564 731 ’

215 792 284 834 καὶ
310 792 475 846 νέμησις
504 793 608 846 etc-J
640 792 815 831 Titulus
851 792 898 830 in
915 789 1238 844 Falckenburgii
1261 787 1423 832 Codice
1442 803 1562 845 prae-

103 846 242 890 cedit:
270 849 364 905 περὶ
381 853 541 905 κληρῶν
560 850 627 892 καὶ
640 852 886 903 κληρουχαῖν.

217 970 412 1030 δᾶτησις]
452 974 550 1015 MS.
582 972 765 1024 δᾶτασις·
795 981 1008 1028 corrupte.
1038 971 1222 1026 Hesych.
1250 969 1424 1026 δᾶτησις,
1457 972 1565 1015 διαί-

104 1043 224 1088 ρεσις,
255 1029 458 1087 μερισμός.
516 1038 629 1072 Iuno.

217 1097 404 1154 δᾶτησις]
433 1100 588 1154 Itaque
607 1100 692 1140 hoc
710 1098 901 1140 nominis
920 1094 1214 1153 ὑπομόχθηρον
1232 1106 1399 1138 censeat
1416 1096 1567 1137 Pollis).-

103 1156 284 1198 noster?
316 1171 390 1196 sua
414 1165 554 1198 tamen
577 1172 620 1198 se
642 1157 796 1210 probat
823 1155 1079 1210 antiquitate
1111 1156 1212 1194 olim
1239 1153 1411 1193 Graecis
1442 1157 1568 1196 δατεῖ-

104 1221 226 1264 σθαι,
259 1213 462 1263 dividere,
493 1213 608 1253 unde
626 1213 816 1268 δατητὴς,
847 1222 891 1252 et
920 1211 1102 1251 actionis
1133 1225 1285 1251 nomen
1308 1212 1363 1259 εἰς
1385 1213 1568 1264 δατηταΐν

104 1273 312 1326 διαίρεσιν.
369 1269 474 1312 Vid.
494 1270 752 1324 Harpocrat.
783 1270 828 1308 in
859 1282 990 1319 voce,
1020 1270 1251 1323 Etymolog.
1271 1277 1315 1307 et
1337 1281 1438 1307 mox
1466 1269 1568 1308 No·-

106 1337 214 1369 εισι-ε
248 1326 354 1367 hinc
375 1325 539 1381 δᾶτησις
557 1338 619 1367 est
639 1324 908 1382 διαμερισμός.

221 1393 245 1440 ὅ
269 1393 462 1450 δασμός.]
502 1396 683 1449 Theogn‚
717 1411 757 1435 v.
781 1393 876 1449 678.

275 1451 429 1506 δασμὸς
445 1449 484 1494 δ’
505 1447 637 1494 οὐκέτ’
655 1455 753 1500 ἴσως
767 1454 940 1508 γίγνει-αι
960 1451 1017 1499 εἷς
1037 1447 1082 1492 τὸ
1105 1450 1236 1504 μέσον.
1296 1455 1376 1490 San.

220 1507 244 1554 ὅ
266 1508 461 1562 δασμός.]
493 1509 654 1548 Iterum
676 1508 776 1550 MS.
800 1523 929 1561 prave
950 1505 1103 1560 δεσμός.
1161 1514 1271 1548 que.

218 1567 385 1620 νεμηταὶ
418 1566 532 1619 etc.]
574 1566 621 1605 C.
656 1568 709 1607 A.
740 1564 943 1605 subiicit:
986 1565 1055 1606 καὶ
1080 1565 1254 1617 μερίται,
1294 1559 1568 1618 μοιρολόχειαι.

110 1624 160 1666 C.
179 1623 234 1666 V.
253 1620 520 1678 μοιρολόγχοι.
552 1623 733 1676 Hesyeh.
750 1623 1012 1676 μοιρίλογχοι·
1045 1623 1089 1663 οἱ
1103 1620 1150 1663 ‘cd
1167 1621 1287 1663 κοινὰ
1302 1623 1568 1674 διαιροῦντες·

105 1684 188 1737 leg.
204 1678 479 1736 μοιρόλογχοι·
511 1680 707 1734 sequitur
726 1679 838 1719 enim
859 1683 1124 1732 μοιρολαχεῖν,
1141 1676 1186 1720 τὸ
1207 1679 1334 1733 μερίδι
1349 1675 1571 1732 λαγχάνειν,

106 1741 211 1789 τίνες
229 1739 271 1781 δὲ
292 1741 545 1789 διαιρεῖσθαι.
602 1743 747 1776 Kumm.

221 1795 387 1849 νεμηταὶ
414 1795 515 1847 eta]
559 1794 654 1832 MS·
676 1793 827 1846 νεμιταὶ
848 1793 917 1835 καὶ
936 1791 1132 1846 μοιριταὶ,
1164 1799 1355 1844 oxytone
1368 1819 1384 1836 ,
1415 1789 1571 1830 omisso

109 1853 179 1896 καὶ
209 1854 398 1905 μερισταί.
476 1848 558 1890 Sed
588 1850 761 1897 suidas,
792 1853 975 1904 μερίτης·
1018 1846 1307 1903 συμμεριστης·
1348 1857 1390 1886 et
1416 1849 1575 1899 μερίτης

112 1907 135 1953 o‘
154 1908 265 1958 τινὸς
283 1905 517 1965 πράγματος
535 1904 863 1971 μεταλαγχᾴνων·
895 1906 1118 1961 adfertque
1146 1920 1201 1946 ex
1218 1902 1384 1957 Polybio
1401 1901 1575 1958 χρήσεις.

109 1972 298 2007 quenum,

226 2031 497 2089 μοιρολόχαι.]
526 2032 624 2073 MS.
646 2028 887 2087 μοιρολὸχοι.
946 2035 1027 2070 Snn.

227 2090 498 2146 μοιρολόχαι.]
541 2090 622 2128 Pro
656 2089 889 2142 potookdxoa
928 2088 1020 2129 MS.
1053 2095 1198 2126 noster
1220 2083 1495 2140 μοιρολὸγχοι·
1533 2095 1578 2126 et

113 2149 177 2190 sic
195 2163 295 2188 mox
313 2162 386 2201 per
408 2165 464 2202 γχ.
523 2147 581 2185 Et
600 2146 711 2200 apud
733 2145 986 2199 Hesychium
1009 2158 1180 2198 quoque
1200 2153 1287 2182 est:
1318 2146 1577 2197 μοιρίλογχοι,

114 2209 158 2250 οἱ
173 2203 223 2248 τὰ
243 2204 361 2248 κοινά
387 2208 660 2257 διαιροῦντες·
693 2201 768 2240 ubi
789 2215 961 2256 quoque
991 2199 1161 2240 videtur
1182 2198 1407 2254 legendum
1428 2196 1578 2254 μοιρό-

113 2269 258 2319 λογχοι.
316 2263 375 2300 Et
402 2262 447 2299 in
476 2259 597 2316 λόγχη
624 2259 856 2313 exponitur
891 2257 942 2297 ab
963 2257 1186 2309 Hesychio‚
1215 2260 1337 2308 λῆξις,
1368 2258 1504 2308 μερίς’
1535 2264 1579 2294 et

114 2318 266 2376 λόγχαι,
298 2314 550 2366 ἀπολαύσεις.
592 2316 777 2356 Videtur
786 2314 932 2369 itaque
951 2324 994 2354 et
1008 2314 1174 2354 Polluci
1193 2311 1444 2353 vocabulum
1464 2311 1576 2352 idem

114 2375 426 2418 restituendum
451 2389 504 2415 ex
530 2372 623 2415 MS.
652 2381 811 2411 nostro.
870 2377 980 2411 Iuno.
1003 2414 1007 2417 ,

229 2441 503 2499 μοιρολόχαι.]
558 2442 595 2480 Ε
626 2439 754 2482 MSS.
786 2449 930 2479 textus
973 2438 1104 2478 habet
1136 2432 1412 2490 μοιρολόγχοι,
1452 2444 1503 2475 ut
1534 2444 1579 2475 et

117 2515 239 2552 mox,
270 2499 345 2540 ubi
376 2513 550 2554 quoque
578 2512 656 2551 pro
683 2499 859 2551 vulgato
886 2498 1133 2550 μοιρολοχεῖν
1161 2492 1423 2532 restituimus
1443 2509 1579 2544 μοιρο.

117 2563 296 2613 λογχεῖν·
325 2567 537 2610 receptam
557 2554 788 2596 lectionem
817 2567 907 2594 non
926 2553 1055 2593 facile
1087 2563 1181 2589 cum
1206 2548 1402 2603 analogia
1423 2549 1578 2589 Gram-

119 2614 300 2655 maticae
322 2614 368 2653 in
391 2613 569 2670 gratiam
592 2610 809 2652 concilies.
