1664 3016
129 107 155 147 7
158 106 212 147 40
267 105 269 107 ’
589 114 590 117 ’
713 100 834 141 VIII.
896 102 990 145 105.

135 214 208 260 δύο
231 215 295 268 καὶ
314 217 524 269 μαρτυρῶν
545 211 739 266 ἐδήλωσεν
757 211 879 271 αὐτῷ.
911 227 1017 269 quae
1029 213 1266 268 posteriora
1285 211 1487 254 videntur
1497 225 1586 252 non

136 273 323 326 integra:
354 279 404 309 ut
432 272 722 322 Harpocratio
752 269 908 311 dixerit
931 272 970 320 ἐξ
995 267 1173 326 ἀνάγκης
1191 267 1256 312 διὰ
1277 271 1405 320 ἔτους,
1434 271 1504 308 vel
1521 269 1591 311 ἕνα

139 325 347 376 ἐνιαυτὸν,
385 328 456 367 vel
480 329 576 366 tale.
616 337 657 367 et
683 327 753 366 illa
786 326 1005 382 sequentia
1023 327 1165 366 statim
1185 327 1381 381 profecto
1403 325 1466 365 ita
1484 339 1589 377 sup-

136 382 289 439 plenda
310 391 431 422 sunt:
460 383 596 437 γέγονε
624 384 665 425 ἒν
684 389 766 432 τοῖς
785 381 1027 437 περιπόλοις.
1085 381 1402 422 Adscribendus
1425 391 1469 422 et
1497 382 1592 420 Ae-

138 441 301 481 schinis
322 441 442 478 locus
467 440 573 494 ipse,
606 449 654 479 ut
678 439 1075 480 commentationem
1097 439 1219 478 istam
1239 438 1592 492 Harpocration&

135 495 346 550 liquidius
378 495 607 536 intuearis:
646 498 689 539 ἐκ
707 499 864 538 παίδων
887 496 958 549 μὲν
985 493 1060 552 γὰρ
1087 492 1347 551 ἀπαλλαγεὶς,
1378 496 1594 548 περίπολος

137 557 213 606 τῆς
236 549 368 607 χώρας
385 549 532 606 ταύτης
556 552 750 608 ἐγενόμην
767 551 840 596 δύο
865 553 931 606 ἔτη
949 564 957 573 ·
988 555 1057 595 καὶ
1079 551 1234 595 τούτων
1249 549 1346 606 ὑμῖν
1365 549 1461 600 τούς
1480 565 1594 594 συνε-

139 609 313 664 φήβους,
331 606 506 659 καὶτοὺς
517 607 786 665 συνάρχοντας
795 606 889 664 ὑμῖν
902 606 1105 664 μάρτυρας
1114 611 1345 662 παρέξομαι.
1359 607 1410 649 de
1420 608 1593 647 Aeschi-

140 670 208 705 nis
230 667 376 720 itaque
398 668 496 705 loco
526 665 731 712 videmus.
758 682 852 707 eum
879 681 973 706 cum
995 665 1132 706 nostri
1151 667 1344 705 Polluci:
1361 663 1596 705 traditione

142 722 401 773 consentire,
424 721 499 776 qui
519 736 690 778 quoque
709 723 816 763 duos
830 737 964 763 annos
985 723 1082 762 illos
1099 727 1326 777 περιπολεῖν
1337 721 1488 761 soiitos
1510 721 1595 760 ait:

142 778 308 819 scilicet
328 777 567 819 octodecim
586 794 792 820 annorum
813 779 934 825 facti.
962 778 1074 819 inter
1093 777 1279 834 ephebos
1297 775 1598 827 censebantur;

143 844 186 876 et
207 834 315 874 duos
339 848 471 875 annos
494 836 800 876 consumebant
825 841 1157 891 περιπολοῦντες·
1188 844 1303 887 tum,
1334 835 1392 874 ita
1420 833 1598 888 impleto

142 890 305 946 viginti
323 905 528 932 annorum
550 892 690 946 spatio
703 893 748 932 in
764 893 1070 933 lexiarchicum
1089 890 1391 932 referebantur.
1410 888 1463 930 de
1474 891 1602 929 Aris-

145 949 285 987 totelis
317 950 431 999 loco,
468 949 542 1002 qui
567 948 795 988 dubitandi
830 949 1094 990 occasionem
1114 947 1232 988 dedit
1251 947 1600 1000 Harpocrationi,

145 1003 258 1044 nihil
272 1002 411 1045 dicere
420 1018 659 1058 possumus,
679 1020 808 1060 quum
826 1005 930 1046 liber
943 1007 1015 1047 ille
1026 1020 1112 1045 non
1124 1004 1304 1059 amplius
1317 1012 1472 1046 exstet.
1493 1009 1602 1042 que.

257 1061 351 1114 περὶ
367 1058 618 1116 περιπόλων,
648 1064 714 1105 καὶ
730 1060 935 1117 ἐφήβων]
978 1063 1044 1102 Ita
1066 1062 1151 1101 fuit
1180 1070 1279 1102 ante
1302 1075 1403 1101 nos:
1435 1059 1601 1114 inepte:

146 1116 396 1158 sustulimus
419 1119 565 1172 itaque
588 1118 795 1172 probante
815 1121 1121 1171 langermanno
1146 1119 1395 1172 particulam
1415 1118 1497 1159 καί.

258 1173 636 1229 περιφυλάττοντες]
666 1174 759 1217 MS.
783 1173 1060 1229 φυλάττοντες.
1119 1181 1200 1215 Snn.

259 1228 629 1286 περιφυλάττοντες]
650 1231 914 1285 φυλάττοντες
932 1233 1112 1286 simplex
1124 1264 1135 1282 ,
1164 1229 1278 1286 quod
1301 1239 1343 1271 et
1357 1230 1494 1270 Sebm·
1510 1227 1604 1271 MS.

150 1286 291 1339 habet,
323 1296 366 1327 et
389 1297 547 1341 noster,
578 1288 653 1343 qui
675 1299 722 1328 ut
744 1288 856 1341 dixi,
883 1289 1015 1343 magis
1038 1291 1212 1342 placeat.
1270 1293 1385 1328 Imm.

262 1343 646 1401 περιφυλάττοντες]
689 1344 1056 1397 φυλάττοντεςουιῃ
1069 1345 1260 1383 Kuelmio
1273 1341 1519 1384 emendavi:
1550 1343 1607 1382 al-

153 1410 291 1442 terum
313 1400 357 1440 id
376 1399 493 1442 verbi
510 1402 675 1456 puriori
699 1403 957 1452 Graecismo,
990 1402 1036 1440 ui
1058 1403 1196 1450 fallor,
1224 1399 1481 1441 inauditum.

265 1457 474 1517 εἰσῄεσαν]
504 1458 705 1500 Meminit
726 1458 778 1498 de
797 1468 935 1500 aetate
957 1458 1003 1498 in
1026 1472 1197 1499 censum
1218 1459 1350 1497 relata
1371 1464 1415 1498 et
1434 1456 1486 1496 R.
1504 1457 1609 1495 For-

152 1530 240 1556 ner.
263 1530 329 1555 xv.
353 1530 429 1555 rer.
456 1514 622 1570 quotid.
650 1515 715 1558 25.
775 1523 877 1556 Iunc.

270 1569 452 1627 εἰσῄεσαν
469 1573 578 1626 etc.]
611 1572 722 1615 Vide
741 1586 849 1627 quae
875 1580 1082 1612 notantur
1101 1570 1155 1610 ad
1172 1568 1471 1610 Arundeliana
1491 1569 1610 1608 Mar-

154 1643 266 1669 mora
285 1642 381 1684 pag.
404 1633 474 1682 87.
1200 1667 1212 1680 ,
1465 1630 1474 1639 ¹

270 1687 327 1734 εἰς
355 1686 604 1741 περίπλους]
646 1685 854 1739 Harpocr.
885 1683 1121 1725 notandum
1151 1684 1213 1724 ait
1242 1679 1510 1723 Aristotelem
1537 1682 1611 1730 (ιι.

157 1741 208 1782 de
229 1742 340 1795 Rep.
358 1744 533 1795 Athen.)
567 1742 706 1782 dicere
737 1741 924 1796 ephebos
942 1755 1073 1779 unum
1101 1755 1258 1780 annum
1286 1741 1328 1782 ἐν
1347 1744 1432 1788 τοῖς
1452 1734 1615 1791 περιπό-

156 1806 242 1848 λοις
277 1802 504 1854 γίγνεσθαι,
547 1800 792 1841 Aeschinem
829 1812 929 1839 vero
965 1797 1009 1836 in
1034 1797 1152 1837 Orat.
1171 1797 1262 1853 περὶ
1279 1797 1615 1852 παραπρεσβείας,

157 1856 281 1896 duos.
310 1858 370 1897 H.
392 1857 526 1910 Steph„
585 1862 668 1897 Snn.

273 1914 330 1962 εἷς
350 1914 595 1968 περίπλους]
635 1914 741 1966 Leg.
767 1914 824 1961 εἷς
844 1906 1102 1963 περιπόλους,
1134 1913 1243 1950 inter
1265 1910 1509 1949 circuitores
1528 1900 1617 1948 nio-

159 1970 443 2010 merabantur.
481 1971 556 2009 alii
589 1983 678 2008 non
707 1968 953 2016 biennium,
993 1965 1065 2007 sed
1094 1982 1226 2006 unum
1261 1975 1429 2007 tantum
1459 1979 1615 2005 annum

158 2025 266 2065 huic
287 2023 429 2065 officio
451 2025 659 2068 tribuunt.
701 2024 790 2065 vid.
811 2025 1022 2078 Harpocr.
1045 2024 1092 2063 in
1122 2025 1361 2080 περίπολος,
1391 2031 1434 2063 et
1459 2022 1620 2063 Vacesio·

159 2082 312 2123 Notas.
371 2089 515 2122 ΚυΕΗΝ.

274 2140 331 2188 εἰς
350 2139 597 2195 περίπλους]
628 2138 700 2178 Sic
721 2147 763 2179 et
781 2137 871 2179 MS.
897 2147 1051 2180 noster.
1113 2136 1196 2178 Sed
1226 2151 1278 2176 an
1302 2150 1390 2176 non
1421 2137 1479 2184 εἰς
1505 2151 1621 2188 περι-

161 2193 313 2244 πόλους
334 2198 430 2249 (pro
447 2197 489 2238 ἒν
499 2193 743 2251 περιπόλοις,
763 2205 812 2234 ut
830 2197 1115 2249 Harpocratio
1132 2194 1346 2248 loquitur)
1359 2190 1583 2247 legendum
1597 2191 1619 2230 ἱ)

163 2253 292 2294 Certe
316 2253 378 2292 sic
394 2251 586 2293 videtur:
617 2261 660 2292 et
678 2254 829 2294 Aemil.
848 2257 1001 2296 Portus
1018 2251 1146 2292 Notis
1163 2251 1252 2290 suis
1273 2250 1318 2288 in
1343 2249 1530 2299 Χεηορῆ,
1550 2245 1623 2290 πό-

164 2327 264 2365 ρους
293 2307 323 2362 ἢ
348 2311 439 2363 περὶ
456 2307 683 2365 προσόδων,
706 2308 757 2348 ad
777 2310 857 2349 ista
870 2308 1023 2351 verba:
1052 2306 1136 2350 ὑπὸ
1158 2304 1399 2360 περιπόδων,
1418 2305 1494 2344 ubi
1516 2319 1622 2359 quo-

165 2381 249 2422 que
277 2367 503 2422 περιπόλων
530 2365 779 2422 legendum,
809 2375 851 2406 et
880 2365 1068 2406 occurrit
1087 2363 1245 2412 ibidem
1268 2363 1314 2401 iu
1341 2362 1621 2415 Xencphonte‚

163 2429 392 2477 περιπολεῖν
407 2421 482 2478 τὴν
502 2422 647 2479 χώραν,
679 2422 729 2462 ad
757 2423 851 2474 ista,
876 2422 1067 2477 inquam,
1087 2422 1148 2460 ait
1171 2420 1325 2461 Portus
1352 2431 1524 2473 quoque
1543 2432 1622 2473 pro

164 2481 325 2521 vitiato
369 2480 576 2521 vocabulo
617 2481 836 2533 περίπλους
870 2478 942 2518 hic
981 2476 1227 2534 περιπόλους
1265 2475 1491 2532 legendum
1521 2488 1624 2517 esse.

166 2542 360 2577 Iunonum.

280 2596 335 2646 εἰς
353 2594 610 2652 περίπλους]
641 2592 858 2633 ΚαεῘιηίιιε
882 2589 1125 2650 περιπόλους
1139 2605 1148 2617 ·
1180 2571 1361 2646 optime-¹
