1664 3016
605 129 707 172 VII.
759 133 862 176 143.
1384 133 1467 175 441

1 247 192 343 σίοοίἰα.
220 243 387 286 rolleno.
407 242 586 298 suidas,
613 239 851 299 κηλῶνειον,
866 241 1070 301 γεράνων,
1098 242 1169 285 der
1185 243 1309 297 bran,
1331 257 1356 283 a
1377 244 1475 283 kra-

11 306 83 344 nn‘c
156 303 305 342 Kar-im.
345 334 347 337 .
1432 304 1435 305 ⁷

123 359 207 402 ἐστὶ
231 359 302 402 καὶ
331 356 379 403 τό
403 354 662 413 minimuum]
700 358 799 400 MS.
832 358 913 402 ἔστι
946 358 1014 400 κἀὶ
1037 355 1081 401 τὸ
1102 352 1325 411 κηλαῖνιον·
1357 351 1408 400 οὗ
1428 354 1478 400 οὗ

12 414 142 473 μόνον
158 412 389 470 Ἠρῦδοτος
421 425 502 456 etc.
562 417 728 456 Locum
758 415 978 456 Historia*
1011 415 1149 455 nostri
1175 429 1228 455 ex
1260 413 1414 457 Clione
1439 429 1477 454 c.

15 472 113 531 139.
134 472 266 514 habes
293 472 410 528 apud
440 473 659 523 Seberum,
691 488 815 529 quem
840 472 954 514 vide.
996 471 1112 512 unde
1131 481 1174 511 et
1204 474 1324 512 voles
1345 472 1480 527 magis

13 545 180 574 mecum
197 544 219 570 a
253 528 312 570 nd
324 531 540 570 Pollucem
557 530 742 571 scribere
762 528 980 584 κηλῶνιον,
1004 540 1050 570 ut
1061 528 1157 572 MS.
1176 527 1321 582 habet,
1349 527 1484 580 hicet

18 587 133 629 infra
152 602 199 638 x,
248 601 285 630 ι.
308 602 434 644 qnam
459 602 536 643 per
556 605 605 640 ει,
634 597 684 627 ut
703 590 850 642 vulgo.
906 593 1017 632 Iuno.

133 700 184 747 οὗ
206 698 336 758 μόνον
361 697 441 757 γὰρ
464 696 640 755 ‘H966.]
678 701 782 741 Lib.
803 716 837 743 1.
868 701 948 743 fol.
968 698 1036 743 4ο.
1064 701 1178 755 χερσί
1194 716 1237 743 τε
1257 699 1327 742 καὶ
1351 704 1488 754 κηλω-

19 761 147 806 νίοισι
171 754 409 816 ἀρδόμενος.
467 757 550 800 Sed
577 758 637 802 H.
670 759 813 811 steph.
839 768 965 798 notat
994 756 1198 813 quosdam
1222 755 1393 798 codices
1413 756 1486 797 ha-

19 817 120 860 bere
136 820 411 872 κηλωνηΐοισι,
430 815 632 855 nimitum
652 815 804 855 Ionica
826 815 1102 866 resolutione,
1130 815 1269 868 qualis
1293 828 1491 869 expresse

21 874 103 917 lib.
122 889 190 916 vi.
209 875 288 916 fol.
310 872 404 915 216.
424 869 627 915 ἀντλέεται
641 875 858 928 κηλονηΐῳ.
893 873 968 915 sic
986 871 1101 912 enim
1120 871 1184 910 ibi
1204 880 1283 922 est,
1301 870 1339 910 si
1360 870 1490 912 modo

10 931 167 980 ‚codex
186 945 329 981 sanus,
348 930 516 984 alioqui
530 933 739 986 κηλωνηΐῳ
759 929 978 970 videretur
1002 927 1244 980 dicendum,
1276 937 1327 967 ut
1345 938 1493 969 monet

26 989 107 1031 Ae.
134 991 255 1027 Port.
278 988 394 1027 Lex.
422 986 520 1026 Ion.
553 1002 631 1028 nec
667 987 792 1027 aliter
820 987 1000 1040 Hesych.
1027 985 1146 1025 Suid.
1177 994 1222 1026 et
1251 986 1493 1039 Etymolog,

27 1046 248 1099 Aristoplz.
268 1047 396 1084 locus-
411 1043 614 1084 medelam
633 1042 858 1084 desiderat.
916 1049 996 1083 San.

145 1100 193 1145 οὗ
209 1099 338 1155 μόνον
357 1099 450 1157 γὰρ]
472 1099 597 1144 MSS.
611 1093 664 1144 οὖ
684 1097 734 1144 οὔ
755 1097 883 1155 μόνον
894 1097 968 1143 Ἠ-
989 1117 1031 1156 μ.
1051 1097 1093 1143 ἆ.
1109 1118 1146 1144 κ.
1160 1096 1215 1144 ’A.
1227 1099 1346 1157 λέγει.
1378 1099 1497 1156 quod

31 1158 153 1200 addit
172 1158 226 1207 C.
242 1159 312 1202 A..
350 1164 497 1197 Kumm.
1113 1167 1121 1172 “
1445 1155 1451 1159 ’

142 1211 458 1271 Ἀριστοφάνης]
498 1213 592 1256 MS.
615 1208 822 1269 Ἀριστοφ.
853 1215 976 1271 λέγει,
1008 1210 1063 1264 ὥς
1080 1211 1119 1258 τ’
1147 1209 1213 1259 ἇν.
1241 1214 1310 1258 καὶ
1325 1231 1365 1257 κ.
1383 1232 1418 1257 τ.
1440 1229 1499 1271 σχ.

34 1274 166 1319 εἵνεκα
182 1276 304 1317 τοῦδε
326 1268 527 1325 κηλῶνιον
548 1276 631 1321 τοῖς
649 1277 887 1328 κηπουροῖς.
949 1272 1027 1312 Ait
1053 1272 1228 1312 δεῦεν-ιω
1248 1282 1395 1312 noster
1416 1287 1502 1312 me-

37 1328 174 1372 delam'
201 1328 440 1372 desiderare
466 1327 584 1368 hunc
610 1331 767 1370 locum.
836 1329 931 1369 Nec
957 1343 1037 1384 ego
1065 1330 1187 1368 illum
1220 1330 1408 1380 enrico,
1448 1330 1500 1370 ab

37 1388 221 1444 aliisque
231 1400 299 1427 me
310 1385 466 1426 malim.
494 1385 682 1427 Invenio
702 1384 871 1440 quidem
892 1386 1006 1441 apud
1018 1387 1227 1426 Illustrem
1243 1387 1505 1440 Scaliger-um.

38 1442 342 1498 Coniectaneis
369 1442 417 1481 iu
449 1443 632 1484 Varron.
664 1441 716 1482 ad
747 1441 846 1485 libr.
879 1459 944 1485 iv.
977 1442 1028 1483 de
1052 1443 1156 1498 ling.
1183 1444 1284 1482 Lat.
1310 1443 1353 1481 in
1376 1444 1504 1484 verba

38 1502 418 1552 Imburumfictum
437 1499 492 1538 ab
511 1500 630 1551 urbo,
664 1498 792 1540 haec:
824 1501 1008 1541 Plautus
1019 1499 1210 1540 Astraba
1226 1515 1236 1540 :
1270 1499 1404 1555 Quasi
1422 1504 1505 1541 tol·

38 1563 163 1612 leno,
194 1561 263 1599 vel
286 1558 423 1613 pilum
448 1557 657 1597 Graecum
686 1557 925 1611 reciproces
954 1560 1082 1612 plana
1111 1557 1200 1597 via.
1267 1555 1507 1598 'l'ollenones

39 1621 152 1657 enim
172 1625 209 1655 et
223 1615 321 1669 pila
339 1613 587 1665 νιιιίενανία,
617 1614 740 1653 modo
760 1630 952 1666 sursum,
980 1614 1094 1653 modo
1113 1614 1303 1654 deorsum
1325 1617 1372 1653 in
1393 1630 1509 1668 opere

42 1677 135 1729 ipso
145 1681 347 1727 aguntur.
404 1670 556 1726 Itaque
571 1671 783 1726 eleganter
801 1681 843 1712 et
861 1682 1031 1713 venuste
1042 1671 1159 1727 apud
1166 1673 1508 1727 Aristophanem,

38 1734 209 1771 >citatae
226 1730 409 1779 Polluce,

266 1784 366 1829 ὥστε
386 1781 622 1839 κηλῶνειον,
653 1781 914 1839 ἆνακῦπτων,
943 1788 1013 1830 καὶ
1032 1784 1313 1831 κατακύπτων.

47 1843 186 1899 'Apud
202 1844 412 1883 Plautum
428 1844 643 1885 Poenulo:

255 1921 329 1932 ·-—
345 1907 445 1939 sunt
469 1899 635 1944 Graeca
651 1902 817 1940 celonea
828 1917 843 1943 .·
872 1903 1039 1942 sustolli
1056 1903 1200 1944 solent.

51 1957 166 2003 Sane
183 1955 300 2012 quod
316 1955 389 1996 hic
405 1953 643 2000 ἆνακιήττων
662 1967 704 1998 et
722 1958 987 2002 κατακύπτων
1008 1959 1183 2009 dicitnr,
1205 1960 1517 2014 Etymologico-

50 2015 239 2072 graphas
261 2014 307 2053 in
326 2016 450 2067 κῆλον
472 2014 557 2065 ait,
587 2014 670 2054 hoc
700 2017 953 2056 vocabulum
975 2032 1216 2071 exponens,
1257 2017 1373 2072 quod
1391 2016 1519 2061 καλό-

53 2090 187 2121 νειον,
220 2085 298 2111 seu
326 2068 544 2123 κηλόνειον
570 2074 733 2112 mavult
759 2073 966 2126 scribere,
997 2075 1041 2117 τὸ
1067 2072 1275 2118 ἆνανεῦον
1305 2077 1372 2118 καὶ
1392 2094 1518 2118 κατα-

54 2134 177 2175 νεῦον
198 2125 332 2180 ξύλον,
351 2124 373 2171 ὁ
392 2125 552 2179 ξύλινος
570 2125 779 2185 ἅντλητὴρ,
797 2130 842 2174 τὸ
857 2129 951 2187 παρ’
968 2128 1068 2187 ἡμῖν
1085 2129 1299 2189 λεγόμενον
1318 2133 1518 2190 γεράνων.

56 2195 243 2230 quenta.

170 2247 247 2286 τοῦ
267 2243 310 2286 δὲ
325 2243 546 2297 κηλωνείου
566 2241 677 2296 etc.]
705 2244 788 2285 Pro
805 2247 1027 2300 κηλωνείου
1047 2245 1095 2288 C.
1118 2246 1168 2290 A.
1184 2249 1266 2302 leg.
1288 2245 1520 2302 κηλῶνειον.

64 2300 223 2343 omisso
242 2306 325 2351 τοῖς
343 2306 565 2356 κηπωροῖς.
596 2310 693 2352 post
714 2301 828 2344 ἕνεκα
847 2303 1037 2344 tollenda
1055 2303 1294 2352 distinctio,
1326 2305 1524 2346 cohaeret

64 2358 179 2399 enim
200 2358 319 2401 ἕνεκα
338 2361 472 2401 τοῦδε.
504 2357 551 2399 C.
573 2357 625 2397 V.
645 2359 726 2413 leg.
746 2355 962 2403 ἐνκύπτων
985 2371 1027 2402 et
1047 2359 1262 2415 κηλώνιον.
1320 2369 1465 2400 Km-:mv-

177 2419 255 2458 τοῦ
274 2416 316 2458 δὲ
341 2417 564 2468 κηλωνείου
582 2413 684 2467 etc.]
710 2414 931 2469 κηλώνειον
950 2418 1167 2458 Kuelmius
1184 2418 1372 2459 restituit
1386 2433 1399 2458 2
1429 2433 1524 2458 eum

70 2470 117 2510 in
139 2470 402 2512 emendando
434 2482 563 2513 textu
592 2484 684 2510 sum
703 2483 892 2525 secutus,
929 2475 1122 2529 quamvis
1153 2474 1210 2514 sit
1233 2477 1353 2514 locus
1374 2489 1526 2514 corru-

70 2527 320 2582 ptissimus,
366 2529 437 2569 cui
466 2543 544 2569 nec
572 2527 657 2582 ipsi
684 2529 812 2570 MSS.
840 2531 1046 2587 integram
1077 2531 1283 2572 adhibent
1308 2531 1527 2574 medelam.

74 2585 288 2625 conficio:
318 2584 417 2630 ὥστε
433 2583 652 2641 κηλῶνειον
672 2581 910 2631 ἀνακύπτων
927 2590 995 2632 καὶ
1018 2585 1299 2638 κατακύπτων,
1331 2593 1407 2630 τοῦ
1426 2587 1529 2643 σχή-

77 2658 202 2697 ματος
230 2642 343 2687 ἕνεκα
362 2649 434 2688 τοῦ
450 2644 672 2698 κηλωνείου
692 2643 804 2701 παρὰ
822 2652 906 2698 τοῖς
922 2651 1129 2701 κηπωροῑς
1141 2658 1149 2668 ·
1183 2659 1291 2700 quae
1318 2655 1529 2699 postrema
