1664 3016
139 113 224 155 746
693 116 696 123 “
745 109 871 153 VIII.
933 113 1026 155 106:

139 225 211 265 lus
226 223 541 276 interpretatur.
600 221 728 278 Quod
749 221 801 262 sd
823 225 1015 274 a-,lterum
1048 222 1159 264 idem
1182 237 1269 264 non
1305 233 1418 266 recte
1446 228 1607 282 vulga..

139 291 228 319 tum
240 282 449 332 Enyalius
472 279 641 329 retinet,
673 280 748 333 qui
766 278 876 319 idem
898 295 991 319 curn
1003 283 1146 319 Marte
1166 292 1243 331 est,
1262 291 1304 322 et
1323 282 1383 322 ita
1403 281 1475 322 bis
1491 282 1604 323 idem

139 339 261 377 Deus
286 346 536 389 poneretur.
568 337 763 401 sequitur
783 337 896 376 enim
916 336 1064 392 Ἀρης.
1121 336 1216 377 At’
1221 337 1392 388 Ενάλιος
1422 348 1486 379 est
1521 341 1606 378 Ne.

134 404 308 446 pamas,
339 393 458 432 Deus
479 393 565 443 ille,
592 393 667 447 qui
689 392 734 431 in
756 393 862 432 mari
882 392 1105 447 imperium
1128 395 1253 450 gerit,
1282 395 1412 447 unde,
1441 394 1604 436 dictum

140 464 228 490 esse
243 459 423 490 constat.
453 456 554 489 luxa.
662 487 666 491 .

241 505 480 560 Αγραυλοι.
509 502 738 559 Ἐνυάλιος]
771 505 866 560 Ego
888 520 989 546 vero
1025 521 1111 547 non
1147 507 1375 549 dubitavi*
1377 514 1603 565 Αγραυλος,

135 561 319 611 Ἐνοὶλιος
340 563 579 614 restituere,
619 562 742 602 cuius
773 562 943 618 quidem
974 563 1176 605 lectionis
1202 566 1424 608 veritatem
1457 569 1603 606 nullus

138 620 186 659 in
218 619 393 659 dubium
433 619 677 667 vocaverit,
723 620 799 674 qui
841 620 1146 674 langermanni
1187 623 1324 663 nostri
1362 622 1603 678 inspexerit

137 685 295 717 notam.
1238 689 1247 699 ⁸

253 732 415 782 Θάλλω,
445 733 580 786 Λῦξω,
607 728 845 788 Ἡγεμόνα]
878 734 1052 787 Interpr‚
1075 735 1235 786 Floreo,
1266 749 1448 789 augeseo
1466 736 1603 784 Daci,

140 805 250 846 quae
272 791 384 831 nibil
405 791 572 831 faciunt
589 790 640 830 ad
670 803 769 832 rem.
801 791 1014 830 Mem-sius
1049 790 1122 830 hic
1151 806 1320 831 manum
1353 791 1407 833 de
1440 791 1600 834 tabula.

138 851 312 888 Petitus
342 850 387 887 in
421 849 472 891 L,
501 848 556 889 L.
583 847 749 886 Atticas
774 861 869 902 pag.
920 847 1010 891 156.
1039 848 1164 902 legit,
1209 846 1352 899 Θαλοὶ,
1381 848 1600 905 Ηνιιμόνη.

139 914 255 945 terra
286 908 483 956 nutritio,
514 906 683 969 Diana3
715 905 1013 959 expungitque
1037 903 1171 956 Aiga»,
1201 904 1273 946 sed
1304 908 1426 956 male,
1458 917 1505 945 ut
1522 920 1601 960 pu·

138 973 212 1016 to,-
243 961 430 1001 nondum
459 975 537 1002 nos
557 961 751 1015 poenitet
784 962 1032 1030 propositae
1051 962 1289 1001 lectionis·
1277 977 1322 1001 in
1351 964 1598 1016 Speeimine,

139 995 214 1058 ub'i
231 1018 484 1074 legebamus,
519 1017 680 1066 Θαλλω,
715 1014 855 1070 Αόξω,
883 1015 1102 1073 Ἡγεμόνη,
1150 1019 1314 1069 Thallo,
1346 1021 1485 1069 Auxo,
1514 1021 1600 1058 He·

134 1090 330 1129 gemone:
362 1090 540 1131 quorum
572 1075 792 1113 nominum
821 1075 1031 1115 rationem
1067 1075 1251 1127 exponit
1269 1077 1520 1116 Pausanias
1551 1076 1599 1115 in

138 1134 373 1173 Boeoticis.
404 1133 551 1185 τιμῶσι
572 1131 667 1198 7029,
709 1131 866 1185 inquit,
899 1133 943 1174 ἐκ
970 1133 1147 1175 παλαιοῦ
1176 1135 1247 1175 καὶ
1269 1130 1487 1186 Ἀθηναῖοι
1506 1131 1600 1175 Xoe'-

138 1206 248 1244 ριτας
268 1186 391 1238 Αυξω
412 1190 480 1231 καὶ
495 1185 747 1243 Ἡγεμόνην·
788 1186 834 1230 τό
851 1186 929 1261 γαρ
950 1190 1022 1241 τῆς
1039 1191 1234 1240 Καρποῦς
1249 1188 1364 1234 ἐστὶν
1393 1189 1444 1233 ου’
1458 1186 1593 1258 ,Χάρι-Ι

137 1264 217 1300 τος,
248 1245 345 1289 dl).
355 1245 496 1315 ’.Ωρας
521 1246 670 1313 ὄνομα·
708 1249 761 1301 τῆ
789 1246 831 1287 δὲ
857 1246 972 1302 ἑτέρᾳ
999 1264 1078 1288 των
1105 1245 1247 1300 Ὡρων
1276 1248 1472 1301 ’νέμουσιν
1494 1242 1592 1299 ὅμοι

137 1303 189 1362 τῇ
206 1298 438 1371 Πανδρόσῳ
457 1320 578 1357 τιμας
596 1308 634 1345 οἱ
661 1298 901 1354 Αθηναῖοι,
943 1301 1160 1353 Θαλλωτην
1190 1306 1291 1357 (leg.
1324 1302 1471 1347 Θαλλώ
1502 1302 1597 1355 την)

137 1360 239 1405 &cdv
257 1355 525 1413 ονομάζοντες.
588 1361 704 1399 Nam
722 1368 760 1398 et
776 1360 1049 1400 Athenienses
1074 1362 1222 1399 colunt
1251 1360 1445 1411 Gratias,
1472 1362 1596 1402 Auxo

139 1428 180 1458 et
211 1418 473 1472 Hegemonen
495 1420 582 1457 iam
608 1417 659 1456 ab
683 1417 875 1469 antiquo.
937 1417 1098 1468 Carpus
1120 1431 1213 1456 vero
1232 1431 1375 1457 nomen
1395 1433 1476 1458 non
1488 1417 1597 1456 Gra-

136 1479 248 1524 tiae,
286 1477 358 1515 sed
383 1474 529 1515 Horae
559 1482 641 1524 est,
681 1488 862 1526 quarum
898 1475 1078 1513 alteram
1103 1488 1198 1512 cnm
1220 1473 1425 1515 Pandroso
1452 1476 1597 1514 colunt

138 1533 436 1579 Athenienses,
484 1531 631 1571 Thallo
660 1533 797 1570 Deam
828 1532 952 1569 illam
982 1531 1250 1583 appellantes.
1310 1532 1363 1572 At
1395 1533 1596 1584 Hyginus

137 1590 241 1630 Fab.
269 1587 359 1630 185.
389 1589 536 1628 Thallo
557 1588 716 1642 pariter
736 1596 778 1627 et
795 1589 922 1626 Anxo
941 1587 1053 1626 inter
1073 1589 1222 1626 Horas
1239 1588 1354 1627 lovis
1371 1597 1413 1627 et
1437 1589 1597 1628 Themi-

139 1647 340 1696 dis-filias
360 1653 586 1698 computat.
619 1644 741 1686 Clem
763 1644 1003 1686 Alexandr.
1025 1643 1069 1683 in
1092 1646 1286 1696 Protrep
1317 1647 1400 1698 leg.
1428 1644 1596 1697 simpli-

139 1704 265 1744 citer:
296 1700 415 1753 Αὐξώ
437 1703 557 1744 τεκαὶ
578 1698 725 1745 Θαλλω
744 1706 788 1743 αἱ
807 1698 1006 1744 ’.Αττικαί
1036 1700 1140 1740 hinc
1168 1700 1485 1781 intelligendus·
1497 1701 1594 1741 Sui-

138 1760 251 1799 das
239 1775 284 1799 m
304 1758 430 1810 Λῦξω
447 1756 666 1809 αἰτιατική·
702 1758 927 1812 legendum
962 1757 1074 1797 enim
1096 1754 1229 1809 Λῦξω,
1258 1754 1485 1808 αἰτιατική·
1519 1758 1594 1798 ubi

137 1817 346 1858 Aemilius
366 1820 522 1856 Portus
554 1829 686 1869 aeque
710 1829 759 1854 sc
781 1816 1009 1854 Gnalterus
1036 1814 1159 1866 Αὕξω
1187 1815 1488 1869 interpretatus
1513 1824 1590 1866 est,

137 1889 282 1927 augeo,
317 1874 455 1915 obiter
488 1871 701 1912 notandus
730 1882 793 1912 est
820 1871 928 1911 idem
950 1873 1108 1911 Portus
1137 1871 1182 1910 in
1212 1886 1317 1912 voce
1351 1873 1593 1922 πένταθλος,

137 1930 212 1969 ubi
244 1932 396 1971 Snidas
416 1930 569 1970 habet.
601 1945 744 1971 τουτου
768 1930 1062 1982 (Δημοκρίτου)
1087 1929 1165 1970 ἐστὶ
1185 1929 1252 1970 και
1271 1926 1329 1978 τὸ,
1365 1928 1483 1984 λόγος
1496 1928 1591 1983 Ἑρ·

138 1992 218 2040 μοῦ
238 1990 361 2041 αἰκίη,
392 1986 508 2040 quod
526 1999 673 2026 secure
693 1987 838 2033 vertit,
875 1985 1025 2026 Oratio
1039 1987 1241 2025 Mercurii
1250 1987 1483 2038 flagellum.
1515 2000 1592 2026 ve-

137 2060 229 2084 rum
254 2059 341 2084 non
367 2043 722 2083 animadverterat
751 2042 816 2082 vir
836 2041 986 2082 doctus
1013 2041 1208 2081 mendum
1229 2043 1398 2097 gravius
1421 2042 1590 2083 subesse

137 2101 298 2153 textui,
329 2100 460 2154 idque
480 2115 535 2139 ex
556 2099 766 2138 Laertio
754 2114 800 2137 m
814 2099 913 2139 Vita
927 2101 1162 2139 Democriti
1175 2099 1468 2155 corrigendum
1483 2113 1588 2150 esse,

135 2157 254 2214 λόγος
269 2159 386 2214 ἔργου
406 2154 510 2209 σκιη,
547 2156 698 2194 Oratio
721 2159 855 2207 operis
875 2157 1022 2195 umbra
1039 2165 1112 2198 est.
1142 2159 1266 2212 quale
1284 2166 1347 2197 est
1367 2170 1490 2210 opus,
1522 2166 1587 2195 ta-

135 2217 190 2255 lis
212 2226 273 2255 est
292 2215 418 2256 etiam
439 2213 590 2253 Olatio
614 2212 815 2263 hominis,
846 2227 1017 2266 remque
1038 2215 1170 2266 ipsam
1195 2213 1322 2253 verba
1342 2212 1590 2266 exprimunt

135 2287 224 2312 non
259 2272 411 2312 invita.
478 2269 656 2323 Repetit
694 2268 853 2309 dictum
886 2268 994 2308 illud
1031 2270 1286 2310 Plutarchus
1314 2270 1404 2323 περὶ
1432 2271 1589 2311 παίδων

132 2326 307 2386 ἀγωγῆς,
338 2324 456 2384 λόγος
478 2344 556 2383 γαρ
579 2327 695 2381 ἔργον
718 2325 824 2380 σκιὴ,
855 2344 955 2368 κατα
977 2326 1244 2380 Δημόκριτον.
1286 2326 1352 2365 his
1373 2325 1512 2365 obiter
1527 2336 1589 2364 ta-

136 2387 231 2434 ctis,
263 2384 517 2427 redeundem
544 2382 595 2422 ad
618 2384 735 2423 Auxo
754 2394 796 2423 et
821 2385 975 2435 Thallo,
1010 2383 1061 2424 de
1083 2383 1234 2437 quibus
1258 2392 1304 2422 ut
1325 2393 1367 2423 et-
1387 2382 1438 2422 de
1456 2383 1589 2435 Hege-

132 2456 253 2483 mone
274 2458 324 2483 ex
346 2443 429 2482 hoc
451 2445 547 2481 loco
574 2449 762 2490 constat,
795 2440 910 2495 quod
937 2455 1107 2494 pereas
1126 2441 1326 2480 iuventus
1347 2439 1523 2479 Attica
1512 2455 1587 2478 ru·-

137 2500 312 2551 raverit‚
343 2509 391 2537 ut
423 2496 660 2537 iuventutis
690 2498 926 2550 praesides,
959 2497 1158 2546 comites,
1192 2496 1413 2551 ducesque.
1463 2498 1587 2537 Auxo

136 2557 249 2610 apud
287 2556 443 2595 Herod.
478 2551 667 2620 'Avssnot'n
701 2557 905 2593 salutatur
941 2555 983 2593 in
1025 2554 1232 2605 Terpsiclz.
1265 2552 1586 2592 Observandum

137 2629 237 2655 vero
261 2613 451 2654 Gentiies
476 2612 520 2650 in
551 2611 798 2650 iuramentis
831 2626 952 2666 quam
980 2612 1186 2666 plurimos
1208 2609 1436 2650 advocasse
1459 2611 1587 2650 Deo-
