1696 3028
626 140 728 183 VII.
786 143 856 187 69.
1402 145 1486 187 321

15 268 97 302 etc.
129 258 295 316 'priores
339 256 470 300 etiam
502 250 721 298 editiones
754 254 973 312 legebant,
1011 252 1056 306 ἔς
1079 256 1241 313 Συρίαν
1271 256 1318 301 δὲ
1341 253 1486 312 ἄφικν.

17 330 127 374 quae
151 326 369 372 praeterea
398 313 612 356 habebant
639 314 684 353 in
705 313 983 369 sequentibus
1006 310 1102 357 ὅταν
1118 317 1259 368 βορᾶς,
1288 328 1368 370 1)ῑο
1391 315 1488 370 qui.

15 374 96 415 bus
122 387 287 415 rursum
317 387 342 414 e
372 372 545 417 Claxiss.
575 371 768 414 Kuehnii
793 369 1094 413 emendatione
1115 370 1246 414 habes
1272 371 1320 413 in
1339 381 1487 415 textu:

15 430 114 476 ὅταν
131 427 155 475 ὅ
171 432 335 486 βορᾆς.

129 489 178 539 ἐς.
193 489 352 543 Συρίαν
378 487 496 543 etm]
538 486 670 530 MSS.
698 486 740 538 ἐς
758 489 920 543 Συρίαν
947 480 987 530 δ’
1017 487 1137 531 ἔνθεν
1161 481 1207 531 δ’
1232 483 1400 542 ἇφικνεῖ
1419 503 1488 543 με·

13 546 164 602 τέωρος
179 555 261 589 etc.
317 551 468 587 Kumm.
1276 547 1278 549 ’

129 604 170 654 ἐς
188 604 348 659 Συρίαν
366 604 472 657 etc.]
505 601 645 643 Verba
671 602 842 641 Cratini
863 601 925 642 ita
946 600 1040 644 MS.
1064 603 1106 652 ἒς
1128 603 1287 657 Συρίαν
1305 599 1345 646 δ’
1365 602 1488 648 ἔνθεν

15 655 56 705 δ’
77 657 242 716 ἆφικνεῖ
257 677 340 714 μετ.
373 669 416 700 et
432 662 562 715 paulo
586 668 706 713 post:
736 657 795 702 ὅτ’
817 657 868 702 ὃν
889 660 1042 715 βορῤἆς
1070 677 1119 702 κ..
1147 659 1244 702 Viri
1263 658 1383 701 docti
1407 674 1487 703 no-

14 717 82 761 bis
105 719 248 760 omnia
274 717 404 758 facile
431 717 757 758 reconcinnent.
812 722 924 761 Iuno.

129 773 363 831 μοχθηρὰν]
395 773 447 816 Id
475 784 540 816 est
564 778 736 828 φαῦλον,
763 774 852 814 vile
878 772 1194 818 vestimentum.
1225 772 1328 815 inde
1357 774 1406 818 C.
1432 772 1488 818 A.

15 830 114 877 ὅταν
141 829 344 888 ὅβοῤῥᾶς
376 849 413 876 κ.
443 832 566 887 pellis
593 831 762 872 scilicet
788 840 878 872 erat
908 839 1055 870 contra
1086 830 1314 872 hibernum
1348 833 1488 889 firigus

16 900 202 946 sumpta.
234 905 288 930 ne
304 890 469 943 Syriam
499 888 718 944 regionem
743 888 840 944 quis
873 887 1112 943 intelligat,
1145 888 1318 929 additur
1335 886 1488 939 {Cr-aff

14 949 105 988 tino
123 945 279 1001 ἱμάτιον
300 957 382 988 etc.
442 953 591 989 Kmum.

129 1002 350 1060 όρθάπου]
388 1004 514 1047 MSS.
535 999 760 1060 ὄρθᾶπτου.
789 1011 939 1058 postea
967 1004 1168 1058 legerem,
1201 1004 1310 1061 ἔντῇ
1339 1008 1413 1060 τῆς
1437 1006 1490 1048 ἴε-

15 1063 127 1118 ρείας
144 1064 371 1116 δοκιμασία,
393 1060 438 1101 id
465 1071 527 1102 eut
550 1060 598 1101 in
622 1062 808 1101 oracione
835 1060 885 1100 de
903 1062 1096 1099 examine
1116 1061 1366 1106 sacerdotia.
1397 1060 1492 1116 Ly.

15 1124 141 1174 0urgi
158 1119 399 1160 orationem
420 1119 516 1174 περὶ
545 1119 688 1174 ἱερείας
714 1117 862 1158 laudat
883 1119 1207 1170 Harpocration
1230 1119 1277 1158 in
1297 1124 1490 1174 τραπεζο-

17 1176 161 1233 φὸρος.
222 1176 424 1232 VirgInes
446 1175 560 1217 enim
590 1173 876 1215 sacerdotium
897 1177 1118 1214 Minervae
1138 1174 1336 1218 obiturae
1357 1176 1490 1217 Athe·

15 1235 86 1274 nis
108 1243 352 1279 accuratum
377 1242 475 1272 ante
493 1231 699 1273 subibant
716 1246 893 1273 examen
916 1231 1082 1286 generis
1106 1242 1150 1272 et
1170 1232 1297 1276 vitae.
1335 1240 1489 1276 Kumm.

131 1287 350 1346 ὄρθάπου]
390 1290 489 1331 MS.
519 1287 749 1344 ὄρθᾶπτου.
789 1300 830 1329 et
861 1289 1009 1329 itidem
1042 1288 1089 1327 in
1123 1290 1326 1344 margine.
1369 1291 1489 1347 quod

15 1347 189 1395 videtur
208 1347 314 1387 mihi
335 1345 505 1401 quidem
527 1348 675 1387 sanius
693 1361 816 1401 quam
839 1342 1034 1401 ὀρθάπου
1063 1349 1309 1401 vulgatum:
1343 1363 1489 1403 quam-

17 1407 85 1446 vis
111 1407 277 1446 nullum
304 1405 435 1444 alium
463 1401 691 1460 βεβαιωτήν
720 1403 764 1442 in
794 1414 997 1459 promptu
1021 1402 1213 1444 habeam.
1245 1405 1491 1446 certeillud

16 1481 68 1506 m:
95 1473 180 1509 fam
213 1461 402 1502 tenuiter
435 1461 480 1501 in
514 1463 608 1505 MS.-
640 1463 751 1501 solet
782 1458 922 1516 pingi,
954 1462 1101 1500 saltem
1135 1462 1259 1500 tenui
1290 1463 1414 1517 apice
1433 1462 1488 1502 ab

15 1520 100 1560 isto
131 1537 162 1562 π
184 1519 458 1573 prominulo,
489 1529 539 1559 ut
571 1518 647 1574 qui
674 1533 763 1557 non
789 1519 957 1558 curiose
982 1517 1204 1572 inspiciat,
1233 1533 1331 1559 eum
1360 1520 1490 1561 facile

16 1577 170 1632 fugiat.
230 1574 506 1616 Dina'rclaeae
523 1575 732 1616 orationis
752 1590 853 1616 vero
885 1577 930 1618 ἐν
957 1579 1008 1633 τῇ
1031 1579 1104 1629 τῆς
1131 1577 1243 1631 ἱερᾶς
1271 1579 1492 1632 δοκιμασίᾳ

15 1634 129 1673 idem
152 1633 306 1674 titulus
334 1633 378 1672 in
398 1631 494 1675 MS.
535 1633 665 1687 Apud
685 1632 1068 1685 Harpocrationem
1088 1646 1198 1688 quae
1217 1631 1265 1673 in
1283 1633 1489 1688 δυσαύλην

14 1691 176 1746 legitur
194 1690 384 1730 eiusdem
410 1691 592 1730 oratoris
615 1692 710 1745 περὶ
726 1695 798 1743 τῆς
816 1692 964 1743 ἱερείας
980 1692 1222 1739 διαδικασία,
1245 1691 1387 1742 credo,
1407 1693 1491 1732 alia

16 1758 104 1799 est,
134 1762 242 1803 quae
271 1762 297 1787 a
331 1749 530 1802 Diony-vio
557 1747 791 1788 Halicarn.
825 1747 938 1787 inter
968 1744 1333 1804 ψευδεπιγράφους
1360 1750 1492 1790 refer.

17 1813 100 1848 tur,
129 1805 223 1844 Nec
239 1804 417 1846 invenio
432 1804 546 1860 apud
566 1807 820 1859 Dionysium
831 1806 1020 1856 titulum,
1048 1819 1172 1860 quem
1193 1805 1267 1845 hic
1287 1806 1490 1863 legimns,

17 1861 126 1902 adeo
149 1871 198 1900 ut
215 1860 267 1900 de
286 1860 442 1910 mendo
463 1862 672 1916 suspicari
694 1863 784 1902 fere
807 1862 1026 1915 incipiam.
1085 1868 1202 1904 que.

131 1914 354 1973 ὄρθᾶπου]
384 1919 468 1958 Pro
496 1915 687 1974 ὄρθάπου
706 1918 1078 1973 Falckenburgias
1104 1919 1233 1960 habet
1259 1916 1368 1974 ὄθρή
1394 1937 1492 1974 που,

17 1990 165 2019 verum
186 1989 240 2016 ex
269 1974 568 2017 emendatione
589 1978 775 2016 Kuehaii
805 1976 934 2017 habet
960 1977 1045 2018 iam
1064 1987 1232 2018 textus:
1264 1974 1491 2035 ὄρθᾶπτου.

129 2033 209 2076 ἔστι
229 2027 304 2086 δ’]
335 2032 432 2075 MS.
454 2033 534 2076 ἔστι
553 2034 606 2076 δέ.
663 2041 768 2074 Imm.

131 2091 172 2141 ἐξ
193 2091 312 2144 ἐρίων
326 2091 499 2143 πίλημα]
531 2090 654 2134 MSS.
674 2092 713 2142 ἐξ
733 2092 845 2146 ἐρίου
865 2092 1018 2145 εἴλημα,
1040 2089 1156 2145 quod
1176 2091 1222 2131 in
1253 2091 1391 2134 Gla-u.
1413 2102 1492 2142 est,

17 2149 232 2202 volumen,
262 2147 503 2198 volucrum,
535 2162 620 2203 quo
654 2149 819 2190 scilicet
848 2148 1071 2188 simulacra
1099 2150 1295 2190 Deorum
1331 2165 1493 2201 repur—

19 2204 180 2262 gabant
215 2203 267 2244 ab
295 2203 552 2244 adhaerente
581 2208 770 2258 pulvere,
801 2206 978 2246 maculis
1004 2215 1047 2247 et
1062 2205 1274 2248 sordibus.
1306 2207 1396 2250 vid.
1414 2222 1494 2247 su-

17 2275 96 2318 pra
116 2277 203 2312 vn,
236 2260 302 2315 57.
362 2268 514 2302 Kumm.

134 2321 174 2371 ἐξ
201 2319 323 2374 ἐρίων
353 2319 532 2373 πίλημα]
564 2318 659 2360 Μ5.
687 2319 728 2369 ἐξ
754 2319 866 2374 ἐρίου
895 2321 1038 2375 εἴλημα
1063 2338 1112 2375 φ.
1143 2320 1196 2362 ad
1218 2317 1334 2362 oram
1351 2331 1492 2362 tamen

19 2379 182 2431 πίλημα.
241 2382 349 2415 IUNG.

137 2431 319 2488 ὄρφιιιά]
358 2431 493 2476 MSS.
525 2426 702 2485 ὄρφνινὰ
730 2442 858 2473 vestes
888 2432 1139 2489 subsitae-ae,
1181 2450 1289 2489 quae
1318 2435 1493 2473 tendunt

21 2490 84 2531 ad
118 2492 384 2543 nigredinem.
445 2492 611 2529 Auctor
637 2489 690 2528 de
719 2489 965 2542 Coloribus,
996 2506 1119 2546 quem
1151 2493 1296 2532 Samon
1318 2492 1493 2532 Por-tiae

21 2546 161 2588 edidit
178 2550 434 2599 Florentiae,
465 2544 638 2601 ζοφερὸν
658 2547 832 2601 (χρῶμα)
864 2545 888 2591 ὃ
913 2553 1080 2591 καλοῦσι
1096 2550 1286 2602 ὄρφνιον.
1343 2554 1492 2588 Konna.

70 2655 73 2661 ζ
137 2602 314 2658 ὄρφινά]
353 2606 437 2645 Pro
469 2602 623 2659 ὄρφινᾶ
663 2603 756 2647 MS.
794 2605 953 2645 rectius
981 2601 1158 2659 ὄρφνινὰ
1192 2605 1334 2645 habet.
1375 2604 1493 2659 quod

22 2661 136 2703 vidit
170 2672 213 2701 et
234 2663 350 2702 Avus
369 2676 488 2703 meus
510 2662 674 2705 Comm.
707 2674 742 2705 ο.
771 2673 865 2705 2η.
898 2673 941 2703 et
970 2666 1121 2706 lartius
1159 2664 1494 2703 Nomenclatore

70 2742 199 2776 Pollux
225 2741 308 2778 Vol.
338 2743 384 2777 V.
1174 2730 1217 2769 X
