1664 3016
118 112 121 114 ’
147 131 230 172 738
733 124 854 165 vm.
918 128 1014 169 104.

152 241 299 281 desum
327 242 456 279 tinnit
484 243 638 281 oratio.
698 239 954 295 Metaphora
987 242 1118 296 petita
1146 255 1166 281 a
1195 241 1308 282 vasis
1339 241 1440 312 igne
1474 245 1612 283 multo

150 298 304 351 ruptis,
335 299 402 336 vel
427 297 530 336 alias
552 297 750 336 rimarum
775 298 939 351 plenis,
975 313 1083 354 quae
1106 301 1277 352 proprie
1297 298 1455 352 σαθρὸν
1479 301 1614 356 φθέγ-

150 367 279 410 γουσι,
310 352 354 391 id
375 362 451 404 est,
472 356 563 405 ipso
585 368 682 392 sono
698 354 957 406 f'ntz'litatem
977 370 1096 395 suam
1116 365 1158 396 et
1177 353 1221 398 τὸ
1241 357 1493 425 πυρορῤαγὲς
1509 371 1614 409 pro-

151 411 242 450 dere
260 412 404 449 solent.
462 410 635 450 Deinde
655 413 795 450 solent
819 411 972 451 Graeci
998 411 1154 467 σαθρὸν
1175 422 1216 452 et
1234 409 1342 468 ὖγιὲς
1363 413 1452 452 sibi
1470 426 1613 468 oppo-

152 481 273 516 ne1·,e
309 476 358 505 ut
390 468 516 505 Plato
544 467 587 504 in
618 468 804 520 Gorgia:
835 465 889 539 pv}
907 465 1013 522 ὑγιεῖ
1027 473 1141 537 ψυχῇ
1160 475 1385 540 συνοικεῖν,
1417 467 1516 511 ἀλλὰ
1541 484 1614 511 σα-

150 528 239 581 θρᾷ
265 524 331 565 καὶ
359 520 484 594 ἀδίκῳ
516 524 582 565 καὶ
609 521 782 576 ἀνοσίῳ.
821 523 1066 595 αθλιώτερόν
1084 527 1164 567 ἐστι
1181 523 1233 580 μὴ
1255 524 1397 595 ὖγιοῦς
1416 525 1611 597 σώματος.

151 567 365 620 Demostlz.
390 579 486 623 ὅταν
507 580 577 634 μὲν
597 582 818 635 ἐρρωμένος
837 575 866 636 ’ᾖ
879 599 950 631 τις,
973 575 1091 624 ουδὲν
1103 581 1390 627 ἐπαισθάνεται
1406 600 1487 626 των
1510 580 1611 625 καθ’

152 638 296 680 εκαστα
311 641 490 692 σαθρῶν,
527 638 646 678 Orat.
670 639 730 677 ad
745 639 944 690 Philippi
961 640 1212 691 Epistulam.
1242 642 1432 680 Pausan.
1455 639 1499 678 in
1522 641 1611 679 La-

151 696 328 734 conicis:
369 693 528 748 σαθρᾶν
555 692 635 747 ’ἤδη
665 695 730 736 και
757 693 806 737 οὗ
843 693 1098 737 παντάπασιν
1130 692 1229 750 ὖγιῆ
1253 694 1610 750 προσκατήρειψεν,

151 754 239 791 iam
260 766 457 803 quassam
477 750 759 804 fragilemque
787 766 859 790 nec
881 755 1048 791 omnino
1081 753 1271 791 validam
1300 768 1387 793 una
1409 762 1613 806 prostra-

151 811 217 848 vit
249 808 489 847 Graeciam.
549 809 608 847 Et
637 807 740 862 quid
773 808 1020 863 ambagibus
1051 823 1158 863 opus
1179 808 1276 849 est?
1307 808 1436 850 Solus
1456 810 1613 848 Suidas

151 879 237 906 rem
259 864 529 905 confecerit‘
516 879 560 903 in
585 863 791 920 πρόσοιτο,
821 864 897 904 ubi
918 867 1150 904 Damascii
1171 868 1313 905 locum
1333 865 1481 906 laudat
1497 865 1613 905 hunc

152 923 197 961 in
216 920 410 961 modum:
441 915 494 974 ἦν
517 922 595 964 δὲ’
579 922 719 971 ικανός
741 924 842 965 ἰδεῖν
859 921 1035 996 (ιυῌθὶίω
1039 937 1092 962 ex
1114 922 1263 962 Plzotio
1284 920 1493 974 διῖδεῖν)”
1469 939 1548 992 οπη
1569 938 1613 965 τε

152 978 309 1032 σαθρὸν
339 979 562 1034 φθέγγηται
588 975 610 1021 ἆ
641 977 780 1034 λόγος,
812 982 880 1021 καὶ
903 996 983 1032 οπη
1008 974 1138 1034 υγιὲς,
1165 980 1234 1020 ι’να
1253 977 1298 1021 τό
1317 980 1388 1030 μὲν
1406 976 1612 1032 πρόσοιτο,

150 1035 196 1078 τὸ
216 1035 258 1077 δὲ
283 1035 458 1090 ἐλέγξειε.
499 1043 591 1074 erat
629 1044 753 1086 aptas
782 1036 844 1074 ad
869 1035 1216 1088 dignoscendum,
1247 1036 1526 1090 ubiputidum
1545 1037 1615 1074 vel

138 1092 296 1147 sutile,
329 1101 370 1130 et
393 1092 464 1131 ubi
491 1095 590 1130 sani
611 1092 779 1146 aliquid
803 1101 973 1131 sonaret
996 1093 1154 1140 oratio,
1184 1100 1231 1132 ut
1247 1093 1326 1132 hoc
1343 1094 1506 1146 quidem
1526 1092 1614 1131 ad-

151 1151 358 1196 mitteret,
389 1149 499 1187 illud
513 1162 604 1187 vero
626 1149 882 1200 confutaret.
942 1148 1022 1189 Sed
1042 1159 1207 1202 tempus
1230 1159 1320 1201 est,
1353 1159 1401 1188 ut
1423 1164 1447 1190 e
1468 1148 1614 1189 diver-

151 1205 322 1245 ticulo
311 1219 355 1243 in
377 1205 487 1244 viam
513 1204 742 1248 redeamus.
784 1205 1047 1245 Huiusmodi
1070 1205 1246 1258 porcelli
1270 1181 1521 1246 dicebantur
1539 1222 1612 1259 μυ-

153 1262 302 1311 στικοὶ,
342 1271 392 1300 ut
417 1261 463 1300 in
493 1262 711 1327 mysteriis
740 1261 1027 1316 suscipiendis
1058 1261 1240 1301 maxime
1261 1262 1437 1311 usitati3
1469 1262 1613 1301 omni-

152 1318 316 1372 busque
337 1318 532 1357 membris
557 1319 713 1372 integri
734 1318 1075 1374 requirebantur,
1108 1318 1167 1358 ita
1189 1326 1237 1357 ut
1259 1333 1337 1359 nec
1358 1317 1491 1358 cauda
1515 1333 1612 1358 mu-

151 1375 222 1415 tili
241 1384 395 1415 essent.
425 1374 701 1446 Aristpplzan.
723 1377 991 1416 Acharneus.

264 1439 357 1474 Δικ.
381 1426 488 1475 Ἀλλ’
512 1428 604 1475 ουδὲ
625 1431 795 1485 θυσιιιός
814 1433 917 1474 ἔστιν
937 1429 1068 1486 αὖτἠἶ.
1102 1437 1164 1475 M.
1184 1430 1344 1486 σαμᾶνς

369 1493 450 1531 Πᾶ
467 1486 507 1531 δ’
533 1487 620 1542 οὐχὶ
638 1486 817 1542 θύσιμός
840 1491 943 1542 ἕστις
975 1495 1067 1534 Δικ.
1087 1490 1232 1541 κέρκον
1257 1507 1331 1532 ουκ
1349 1490 1439 1544 ἔχει.

261 1545 367 1586 Dic.
389 1547 472 1585 Ast
492 1547 731 1595 sacrficari
748 1547 911 1585 isthaec
929 1550 1082 1599 nequit.
1111 1545 1226 1602 Meg.
1251 1549 1327 1600 qui
1347 1546 1445 1585 dum
1467 1548 1612 1600 nequit

383 1603 667 1644 sacrificari?
691 1603 804 1645 cedo.
835 1603 938 1644 Dic.
963 1606 1066 1656 quia
1084 1605 1267 1642 caudam
1288 1617 1373 1642 non
1389 1602 1523 1642 habet.

150 1660 216 1700 Ita
242 1660 431 1701 Etlmici.
490 1659 629 1700 Nobis
645 1674 746 1700 vero
770 1659 821 1698 ab
845 1660 928 1698 isto
949 1674 1103 1713 pecore
1127 1659 1238 1698 nihil
1261 1658 1488 1711 commodi,
1507 1657 1612 1713 πλὴν

149 1715 353 1771 ὕστριχες,
395 1717 536 1770 κρέας,
567 1716 694 1770 πηλός
723 1734 763 1759 τε
791 1717 858 1759 καὶ
878 1714 956 1771 βοὴ
976 1746 987 1764 ,
1011 1724 1308 1768 praeterquam
1327 1725 1461 1764 setae,
1494 1731 1611 1768 caru,

150 1775 307 1823 lutum,
348 1782 389 1812 et
414 1776 596 1824 clamor3
638 1774 822 1812 Clemens
854 1773 1170 1812 Alexandrinus
1202 1771 1380 1814 lib.v11.
1408 1774 1610 1812 stromat.

260 1831 485 1886 χειριδίοις]
529 1831 717 1870 Haerent
746 1829 789 1868 in
825 1829 906 1868 hoc
940 1830 1157 1868 tmematio
1190 1827 1330 1868 adhuc
1356 1828 1441 1868 duo
1466 1830 1610 1883 turpia

149 1886 326 1937 menda,
360 1902 467 1941 quae
498 1901 659 1927 mecum
690 1885 865 1926 emenda
897 1887 993 1926 MS.
1016 1885 1202 1924 iubente.
1243 1899 1338 1924 nam
1361 1885 1460 1928 MS.
1478 1903 1611 1940 χοιρι-

150 1946 253 1992 dione
275 1961 316 1997 μ.
349 1954 392 1984 et
415 1958 514 1983 mox
536 1945 732 1998 χοιρίδιον
756 1944 814 1985 ἐκ.
855 1941 948 1982 sine
975 1960 1039 1983 και
1073 1941 1368 1994 praecedenti,
1407 1956 1487 1996 pro
1511 1943 1611 1997 qui-

148 1999 225 2039 bus
246 2000 512 2054 ineptissime
542 2010 724 2053 utroque
751 2002 851 2038 loco
884 1999 1031 2038 nescio
1054 2012 1161 2052 quae
1181 2000 1349 2052 χειρίδια
1366 1998 1496 2040 habet
1514 2003 1610 2039 vul-

149 2066 297 2112 gatus:
343 2055 457 2109 quod
484 2056 639 2096 vitium
665 2070 837 2109 quoque
860 2055 1075 2094 eruditiss.
1097 2056 1294 2106 Sigonius
1317 2055 1454 2107 vidit,
1490 2055 1607 2095 dicto

147 2116 246 2153 loco
270 2112 479 2153 scribens:
517 2114 671 2152 Pollux
686 2113 973 2164 peristarckos
996 2114 1188 2164 expiasse
1199 2113 1390 2164 porculis
1416 2114 1610 2151 minutu-

149 2171 205 2209 lis
223 2171 460 2209 concionem
481 2171 556 2207 ait.
615 2169 673 2207 Et
691 2170 758 2211 καὶ
774 2183 944 2224 quoque
959 2167 1216 2208 delendum·
1205 2182 1250 2206 m
1275 2169 1476 2223 vulgatis,
1507 2169 1610 2207 scri-

146 2224 315 2267 hendo:
345 2223 573 2280 καθαρσιον
594 2226 649 2272 δὲ,
683 2229 799 2268 τοῦτο
819 2228 1016 2280 χοιρίδιον
1035 2226 1225 2267 ἐκαλεῖτο.
1284 2225 1365 2264 Ille
1375 2225 1487 2265 enim
1509 2238 1607 2279 por-

148 2285 268 2322 culus
291 2282 548 2332 immolatus,
575 2281 767 2336 κάθαρμα
783 2281 1017 2332 dicebatur,
1051 2291 1093 2321 et
1113 2280 1186 2337 qui
1208 2279 1422 2334 expiabat,
1452 2287 1607 2335 καθαρ-

146 2337 228 2394 τής.
267 2340 495 2379 Aeschines
514 2348 653 2379 autem
677 2349 824 2379 contra
851 2339 1119 2378 Timarchum
1135 2335 1364 2393 καθάρσιον
1382 2347 1523 2386 vocat,
1558 2348 1608 2376 ut

148 2410 202 2437 ex
235 2395 467 2435 Scholiaste
489 2396 705 2448 Aristoph.
731 2395 998 2436 Acharneus.
1026 2396 1224 2448 Sigonius
1258 2393 1465 2435 observat.
1506 2393 1607 2435 vide

146 2467 241 2493 eum
266 2451 402 2495 Schol.
422 2467 510 2492 non
531 2455 672 2522 longe
681 2451 731 2491 ab
751 2452 879 2492 initio
894 2451 1072 2494 Acharn.
1104 2451 1339 2504 Hesychius
1351 2451 1501 2491 etiam:
1535 2447 1606 2493 κά-

143 2516 283 2563 θαρμα
306 2507 350 2551 τό
379 2512 596 2565 χοιρίδιον,
637 2527 668 2562 ῳ
698 2526 772 2562 την
793 2510 925 2551 ἑστίαν
946 2507 1165 2563 ἐκάθαιρον
1187 2509 1231 2550 ἐν
1250 2512 1337 2556 ταῖς
1354 2507 1604 2563 ἐκτροπίαις·

144 2564 168 2609 ὁ
187 2568 229 2609 δὲ
254 2569 449 2610 ἐπιτελων
477 2568 679 2638 δημοσίαις
698 2569 972 2620 περιστίαρχος
992 2567 1152 2635 ἐλέγετο.
1194 2565 1352 2604 Saldas
1379 2567 1516 2605 clare.
1549 2582 1604 2606 κα

139 2622 338 2680 θάρσιον·
377 2618 524 2672 ἕθοςῒ
492 2642 544 2679 ην
568 2621 767 2679 Ἀθήνῃσι
795 2626 1010 2678 καθαίρειν
1033 2621 1106 2677 τήν
1126 2623 1342 2677 ἐκκλησίαν
1361 2623 1428 2666 και
1450 2639 1498 2664 τα
1518 2623 1600 2665 θέα
