1664 3016
689 153 814 194 VIII.
874 158 943 198 84.
1461 153 1543 201 699

211 261 547 320 συγκατήρξατο]
594 265 679 305 Hic
710 280 810 308 vero
849 264 1066 306 commode
1097 263 1387 305 adiuuantibus
1414 262 1542 303 MSS.

95 322 311 361 Pollucem
331 331 522 362 nostrum
545 322 773 363 auctiorem
801 323 883 362 feci
908 321 1177 361 subiiciendo
1205 320 1306 360 huic
1326 319 1455 359 verbo
1484 321 1544 361 ἐν-

95 382 240 432 ῆρκται
267 376 316 420 τοὶ
337 383 460 428 κανᾶ,
503 391 612 432 quae
638 377 779 418 eadem
807 377 1190 432 praestantissimus
1215 377 1546 427 Falekenbnrgii

97 432 246 498 Cede}
279 435 487 489 agnoscit.
538 434 623 474 alio
653 434 872 475 referenda
896 436 968 473 illa
989 434 1284 487 Hesychiana:
1312 429 1542 488 Ἐνῆρκται,

99 486 226 544 ἆρχήν
243 487 467 542 ἐποιήσατο,
497 489 695 544 ἐνήρξατο.

206 554 393 600 Δημοσθ.
423 549 462 589 δὲ
487 548 667 602 ἔξαρχῆς,
694 548 802 601 em]
839 549 1010 588 Desunt
1031 546 1077 585 in
1103 545 1200 586 MS.
1221 551 1410 601 Λημοσθ.
1432 544 1473 587 δὲ
1492 545 1544 595 ἐξ.

93 603 161 647 aa}
182 599 252 645 ἇπ.
274 605 341 646 καὶ
363 621 448 646 κατ.
506 609 612 644 que.

207 717 336 765 εἷ’ποις
355 713 394 758 δ’
414 713 486 769 ἂν]
517 716 612 757 MS.
633 717 709 759 εἷ’π.
730 713 769 760 δ’
793 713 845 759 ἂν
861 716 948 768 ἐπὶ,
978 714 1070 756 sine
1090 714 1179 767 καὶ,
1211 727 1319 770 quae
1335 714 1544 770 particula

95 781 139 813 et
155 788 257 813 mox
276 772 405 814 deest.
462 779 565 814 Imm.
708 781 711 782 ’

208 830 419 883 δεσποτία]
452 830 547 870 MS.
575 830 796 872 δεσποτεία.
853 834 958 868 Iuno.

207 887 417 940 δεσποτία]
450 884 552 926 Cum
574 886 761 924 Kuelznio
782 887 986 927 δεσποτεία
1004 882 1185 926 restitui.

205 943 417 996 τυραννὶς]
460 942 556 984 MS.
585 959 668 998 τυρ.
701 943 768 984 καὶ
788 940 836 983 τὰ
866 939 1009 995 ὅμοια·
1042 939 1208 980 omissis
1234 940 1341 994 ἕπιμ.
1361 949 1403 980 et
1423 954 1545 995 στρα-

93 1016 180 1055 τηγ.
237 1005 345 1038 Imm.

206 1053 408 1111 ἡγεμόνα]
446 1055 620 1094 Desunt
650 1052 694 1091 in
725 1053 822 1093 MS.
848 1050 959 1108 ἦγεμ.
985 1069 1129 1107 προηγ.
1148 1066 1289 1107 προστ.
1334 1067 1427 1091 cum
1446 1061 1543 1092 octo

94 1113 367 1168 sequentibus
389 1110 581 1150 vocibus,
614 1108 764 1149 desunt
783 1123 952 1164 quoque
971 1110 1037 1150 καὶ
1054 1109 1098 1150 τὸ
1122 1106 1208 1164 ἅρχ.
1246 1124 1338 1148 cum
1360 1123 1546 1162 sequen-

95 1168 222 1208 tibus.
249 1169 293 1207 in
323 1166 507 1221 vulgatis
521 1180 598 1220 pro
621 1162 872 1221 προστάττειν
890 1165 988 1205 vide
1011 1180 1062 1205 ne
1080 1171 1332 1219 προστατεῖν,
1368 1179 1452 1219 quo
1477 1165 1544 1204 usi

93 1227 235 1276 Plato,
273 1223 512 1275 Xenophon,
547 1221 636 1271 alii,
668 1221 782 1277 quod
809 1218 1072 1276 ἇρχικώτερον
1098 1221 1287 1268 videtur,
1318 1221 1544 1276 legendum

93 1281 175 1331 sit,
214 1279 455 1334 praesertim
481 1293 573 1318 cum
601 1280 872 1332 praecesserit
902 1293 1053 1319 nomeu
1083 1274 1333 1333 προστάτην,
1365 1278 1437 1317 cui
1460 1277 1545 1317 hoc

93 1335 347 1391 respondere
370 1333 531 1375 debeat.
589 1342 694 1375 Iuno.

203 1395 531 1446 Provinciam-am
558 1391 902 1444 constitutorem]
942 1391 1008 1430 Ita
1041 1391 1126 1431 Ga.
1154 1390 1296 1445 inquit
1319 1405 1341 1431 e
1366 1390 1544 1429 Badaeo

91 1447 297 1503 ἇρμοστὴν
320 1450 532 1488 nominari
554 1462 703 1501 posse,
743 1448 855 1488 forte
885 1448 986 1501 quia
1018 1447 1054 1485 is
1077 1462 1100 1487 e
1125 1448 1319 1486 Laciano
1337 1444 1546 1499 ἁρμόττειν

90 1507 164 1560 τήν
183 1503 301 1548 πόλιν
323 1520 424 1559 exp.
440 1507 651 1543 civitatem
671 1507 910 1543 constituere
928 1513 966 1542 et
983 1513 1217 1555 temperare.
1250 1504 1294 1541 in
1309 1504 1544 1544 Comment.

93 1566 175 1604 col.
195 1560 290 1605 452.
348 1562 399 1601 In
426 1562 565 1599 Gloss.
588 1561 704 1602 redd.
730 1569 907 1613 aptator.
950 1561 1047 1601 Nic.
1074 1560 1255 1613 Cragius
1277 1574 1399 1611 posse
1423 1561 1483 1599 ait
1504 1569 1547 1599 et

92 1619 384 1659 moderatorem
405 1617 507 1659 dici.
538 1617 642 1659 vide
663 1617 779 1657 illius
800 1616 851 1657 de
872 1616 1056 1671 Republ.
1074 1615 1234 1657 Laced.
1255 1616 1331 1658 lib.
1348 1632 1400 1656 11.
1423 1630 1457 1657 o.
1481 1615 1544 1658 15.

90 1682 221 1718 Sznzn.

204 1784 408 1842 ἀρχόντων
424 1783 661 1845 Ἀθήνῃσιν]
682 1786 825 1827 Huius
845 1785 996 1840 capitis
1020 1785 1172 1825 titulus
1184 1784 1227 1823 in
1242 1782 1331 1825 MS.
1349 1782 1544 1825 brevior:

92 1842 295 1899 ἀρχόντων
316 1849 395 1886 τῶν
407 1841 628 1900 Ἀθήνῃσιν
650 1842 838 1897 ὀνόματα.
879 1843 1043 1898 reliqua
1062 1842 1228 1882 scilicet
1248 1840 1415 1880 addidit
1432 1841 1546 1880 titu-

92 1906 136 1942 lo
155 1899 445 1955 praecedentis
466 1900 632 1954 capitis.
690 1908 800 1940 Iuno.

205 1954 409 2013 ἆρχόντων
431 1954 651 2013 Ἀθήνῃσιν
668 1957 771 2010 etc-J
791 1954 884 1997 MS.
908 1952 1115 2008 ἀρχόντων
1135 1953 1178 1998 δὲ
1195 1958 1274 1997 τῶν
1287 1953 1330 1994 ἐν
1342 1950 1431 1995 Ἀθ.
1461 1958 1544 1994 sz.

206 2011 408 2070 ἀρχόντων
426 2009 656 2066 Ἀθήνῃσιν
672 2014 778 2066 etc.]
818 2011 911 2053 MS.
932 2022 1075 2052 noster
1103 2012 1214 2051 sicut
1237 2010 1372 2050 seben·
1393 2006 1547 2064 ἆρχόν..

92 2089 171 2113 των
192 2072 234 2113 δὲ
257 2074 335 2112 τῶν
365 2071 405 2111 ἐν
424 2066 514 2112 Ἀθ.
557 2068 643 2107 vid.
675 2083 776 2108 vero
811 2069 959 2121 Sigon,
984 2068 1059 2110 lib.
1096 2085 1128 2108 1.
1148 2068 1257 2120 Rep.
1281 2067 1430 2106 Athen.
1453 2080 1544 2118 cap.

92 2131 169 2171 ult.
191 2126 265 2166 ubi
298 2126 479 2181 inquirit
500 2139 574 2164 cur
598 2139 749 2165 novem
771 2125 1009 2164 Archontes
1034 2124 1100 2164 his
1118 2123 1276 2179 signati
1298 2122 1544 2162 nominibus

93 2185 194 2231 sint,
225 2183 358 2238 Regis
387 2182 601 2228 nimirum,
631 2180 876 2228 Archontis,
908 2180 1176 2222 Polemarchi
1196 2190 1238 2219 et
1268 2177 1545 2219 Thesmothe-

93 2250 242 2280 tarum.
275 2239 360 2279 vid.
382 2253 475 2279 eum
497 2248 538 2277 et
563 2236 639 2279 lib.
666 2251 728 2280 ιν.
752 2252 785 2277 c.
808 2238 844 2280 5.
904 2243 1018 2279 Iuno.

206 2293 415 2350 ἀρχόντων
437 2292 670 2351 Ἀθήνῃσιν
697 2298 800 2343 etc.]
848 2292 1061 2333 Adiiciam
1098 2291 1171 2332 hic
1198 2291 1327 2330 huius
1357 2289 1547 2330 Polluces·

93 2352 180 2392 loci
209 2367 333 2407 quam
367 2350 494 2390 habet
516 2351 751 2390 versionem
772 2349 836 2389 vir
857 2350 1185 2390 Eruditissimus
1206 2347 1446 2385 Ludovicas
1470 2346 1546 2384 Va·-

94 2424 164 2447 νεε
188 2408 240 2448 ad
262 2410 441 2460 August.
466 2406 515 2446 de
541 2406 675 2448 Civit.
697 2405 783 2445 Dei
805 2405 883 2447 lib.
906 2421 1043 2448 xvnl.
1063 2420 1099 2446 c.
1130 2415 1193 2445 ιο.
1228 2404 1415 2442 Nomina
1447 2416 1546 2440 ma-

91 2467 350 2518 gistratuum
379 2464 569 2503 Athenis.
609 2464 765 2501 Novem
797 2465 1099 2514 magistratu-s,
1141 2462 1214 2513 qai
1240 2466 1340 2497 sunt
1361 2460 1546 2509 primum

95 2524 132 2559 is
157 2523 231 2574 qui
259 2523 382 2560 annis
410 2521 592 2572 singulis
610 2519 768 2557 archon
788 2522 1041 2565 nominatur,
1079 2526 1167 2555 tum
1185 2530 1278 2563 rex,
1310 2514 1407 2552 inde
1424 2515 1544 2565 pole-

95 2577 292 2616 marchas
308 2606 319 2623 ‚
358 2592 427 2616 seu
447 2576 545 2614 belli
563 2577 776 2628 princeps,
812 2583 850 2612 et
873 2575 1166 2627 legumlator&
1195 2585 1287 2621 sexg,
1330 2585 1377 2608 ex
1401 2570 1546 2622 quibus

94 2648 235 2673 novem
262 2635 539 2681 conficiuntur
568 2633 869 2684 magistratus.-
908 2629 1406 2683 tdqaethesmotlzetarum
1425 2641 1546 2666 voca.
