1664 3016
120 109 204 151 724
726 109 847 152 VIII.
906 114 973 178 99.

234 221 320 275 περὶ
351 218 667 275 ἄντιγραφὲων.]
706 222 929 278 Singulum
959 237 1012 264 ex
1037 224 1164 266 MSS.
1205 239 1424 267 numerum
1456 241 1579 283 repod

123 277 215 318 nui:
263 279 650 330 Antigraplzarium
693 294 767 319 seu
808 284 1224 321 contrarotulatorem
1266 282 1372 323 dicit
1411 282 1579 328 Postell.

123 348 214 386 cap.
240 332 302 374 15.
324 343 366 373 et
390 332 453 376 15.
510 334 561 376 In
587 335 747 375 Glossis
771 346 907 376 autem
919 335 1094 380 Isidori:
1133 340 1442 394 Antigraphue,
1472 356 1579 381 can-

122 389 349 431 cellarius:
381 392 504 444 quale
525 391 657 430 fuerit
679 393 922 432 cancellarii
945 408 1119 446 munus,
1150 405 1367 436 noverunt
1391 396 1471 448 illi,
1501 397 1579 453 qui

123 449 190 487 vel
209 445 356 500 primis
380 447 556 502 tetigere
577 447 738 487 labellis
760 448 980 488 historiam
1003 451 1098 490 aevi
1125 451 1322 493 iunioris.

238 502 623 558 Contrarotulator]
676 502 933 561 ἆντιγραφεῖς
970 516 1064 546 sunt
1103 510 1176 561 qui
1216 511 1493 561 pecuniarum
1531 511 1579 549 in

123 573 245 598 usum
266 560 476 612 principis
494 570 739 600 coactarum
757 577 901 601 caram
921 572 1098 616 gerunt,
1132 568 1354 619 omniaque
1373 581 1440 615 ea,
1474 581 1580 619 quae

123 623 200 654 aut
220 625 472 668 quaestores,
503 626 579 656 aut
600 619 682 656 alii
701 618 910 671 Principis
932 621 1118 659 ministri
1139 624 1418 674 exposuerint,
1450 630 1581 662 tran-

123 672 329 722 scribunt,
372 681 419 711 ut
447 688 541 713 cum
574 677 685 714 ratio
716 674 860 714 danda
888 678 970 728 sit,
996 679 1314 727 ›officiariorum
1344 681 1454 718 ratio
1483 693 1581 718 cum

123 729 293 768 illorum
311 732 480 781 scriptis
502 734 734 772 conveniat.
799 732 941 771 Cicero
963 734 1008 771 in
1034 733 1151 773 Orat.
1178 731 1253 785 pro
1275 734 1395 789 Lege
1413 736 1579 790 agraria

123 785 314 824 custodes
341 785 519 827 vocitat.
580 788 690 828 Sunt
719 790 822 828 tales
849 787 980 829 hodie
1009 789 1123 842 apud
1159 789 1331 840 Gallos,
1373 805 1479 848 quos
1512 783 1580 830 illi

123 843 540 887 contrarotulatores.
608 845 819 898 Duplices
851 855 991 886 autem
1028 855 1151 894 sunt,
1193 843 1579 888 administrationis

123 898 290 938 scilicet
315 897 570 941 domesticae
595 897 877 956 οἷντιγραφεῖς,
912 912 954 942 et
984 901 1184 957 publicae
1206 905 1273 942 vel
1294 902 1578 958 magistratus.

123 954 217 995 Nos
238 955 469 995 secundum
494 959 727 1009 Gallicum,
759 959 985 998 Budaeum
1014 959 1196 1010 imitati,
1226 962 1583 999 contrarotulato-

125 1026 191 1051 res
212 1009 488 1054 reddidimus.
523 1015 604 1056 Ga.
629 1013 743 1066 (vid.
764 1016 878 1054 Bud.
904 1015 1110 1059 Annotat.
1142 1016 1187 1054 iu
1212 1015 1459 1055 Pandantes
1481 1030 1578 1072 pag.

125 1065 221 1109 ¹511.
251 1066 326 1106 ubi
347 1078 388 1108 et
408 1069 683 1110 observatores
700 1081 957 1123 coactorum,
988 1072 1032 1111 id
1052 1082 1127 1119 est,
1160 1086 1304 1112 eorum
1326 1071 1401 1127 qui
1421 1082 1584 1128 cogunt:

124 1124 348 1179 pecuniam
386 1124 437 1164 ad
467 1127 704 1181 principem
731 1131 799 1170 vel
818 1128 1040 1182 Rempubl.
1063 1129 1372 1183 pertinentem,
1403 1138 1445 1170 et
1463 1132 1583 1168 anti-

122 1181 377 1236 grapltarios
403 1187 562 1233 vocat.)
623 1190 704 1226 San.

153 1303 168 1334 t
238 1231 360 1334 0133?oe
388 1238 429 1281 δὲ
457 1238 563 1296 etc.]
607 1241 655 1282 G.
684 1241 738 1284 A.
768 1238 946 1298 αἱρετὸς,
983 1245 1060 1284 νῦν
1081 1241 1123 1284 δὲ
1151 1238 1352 1298 κληρωτὰς
1378 1241 1446 1285 καὶ
1471 1258 1513 1284 π.
1541 1238 1582 1284 ἆ.

126 1308 148 1336 e
172 1309 207 1336 οι
301 1311 413 1336 UEHN·

238 1409 332 1464 περὶ
359 1411 586 1465 loy-cornia]
637 1410 846 1464 Ulpianus
876 1410 921 1450 in
952 1411 1071 1453 Orat.
1105 1407 1156 1450 de
1163 1407 1295 1464 falsa
1312 1411 1443 1463 legat.
1472 1416 1585 1467 λογι-

127 1466 214 1510 aral
239 1467 455 1509 ἐκαλοῦντο
484 1470 525 1510 οἵ
548 1467 769 1524 εἰσάγοντες
790 1470 832 1511 ἐν
853 1472 911 1525 τῷ
928 1466 1037 1523 δήμῳ
1055 1465 1151 1516 τούς
1169 1464 1449 1516 ὑπευθύνους·
1481 1464 1583 1523 α’ρχὴ

126 1521 202 1580 γὰρ
222 1517 275 1576 ἦν
290 1524 358 1565 καὶ
379 1522 479 1577 αὕτη
496 1522 523 1578 ἦ
543 1530 622 1567 τῶν
640 1530 847 1581 λογιστῶν.
904 1525 1130 1579 Logistam'
1147 1532 1376 1564 curatorem
1395 1525 1583 1579 Reipubl.

128 1590 253 1622 vocat
271 1579 505 1633 Imperator
527 1582 772 1622 Gordianus
799 1582 899 1625 Coa&
923 1596 953 1623 ι.
984 1585 1066 1622 Tit.
1085 1579 1152 1621 54.
1210 1587 1355 1625 Kumm.

240 1636 315 1679 δύο
343 1637 385 1679 δὲ
417 1633 545 1692 ἦσαν]
578 1638 626 1680 C.
648 1640 696 1682 A.
728 1640 904 1695 λογισταὶ
936 1638 1010 1681 δύο
1040 1632 1166 1692 ἦσαν,
1199 1634 1220 1679 ὅ
1249 1637 1322 1692 μὲν
1338 1655 1368 1680 τ.
1388 1639 1429 1692 β.
1452 1634 1476 1680 ὅ
1494 1639 1529 1681 δ.
1548 1655 1583 1681 τ.

128 1697 163 1736 δ.
186 1694 253 1736 καὶ
280 1692 448 1744 τούτους
475 1693 503 1749 ’ἦ
544 1694 671 1751 βουλή
699 1701 843 1751 κληροῖ
866 1690 956 1738 κατ’
984 1692 1130 1748 ἀρχὴν,
1178 1691 1231 1743 ὥς
1260 1699 1587 1747 παρακολουθεῖν

127 1749 385 1806 ἆντιγραφεῖς
405 1754 646 1794 διοικοῦσιν·
677 1752 774 1792 Illos
802 1754 979 1792 Senatus
1007 1753 1152 1790 statim
1180 1752 1232 1789 ab
1257 1754 1379 1790 initio
1399 1765 1472 1803 per
1489 1766 1586 1791 sor-

128 1817 210 1847 tem
239 1817 378 1860 creat,
409 1818 456 1847 ut
483 1811 887 1848 administrantibus
917 1806 1181 1860 (Rempubl.)
1210 1817 1378 1858 praesto
1406 1811 1493 1846 sint
1522 1823 1586 1846 re·-

127 1866 359 1916 scriptores.
418 1866 478 1905 Hi
503 1865 706 1906 differunt
726 1865 775 1904 ab
799 1865 895 1904 aliis
914 1865 1110 1919 legistis,
1141 1865 1217 1916 qui
1245 1863 1386 1904 decem
1409 1878 1584 1905 numero

129 1930 269 1970 erant,
302 1921 387 1961 nisi
417 1932 459 1962 et
489 1923 534 1963 hi
564 1922 648 1962 duo
678 1919 842 1962 fuerint
874 1934 929 1962 ex
959 1921 1106 1961 eodem
1129 1934 1318 1961 numero.
1349 1919 1437 1961 vid.
1458 1920 1585 1964 Petit.

129 1976 175 2016 in
191 1977 247 2018 L.
273 1977 328 2017 L.
353 1979 518 2018 Atticas
540 1995 582 2033 p.
610 1977 700 2020 224.
759 1984 910 2021 KmfflN.

239 2031 467 2088 κατάρχειν]
499 2036 582 2076 Pro
603 2033 835 2088 καὶᾶρχειν,
870 2031 985 2088 quod
1018 2043 1059 2073 et
1081 2032 1127 2071 in
1149 2032 1247 2072 MS.
1271 2033 1329 2075 H.
1351 2034 1584 2087 Stephanus

129 2089 173 2129 in
205 2103 286 2129 suo
327 2090 488 2132 Codice
521 2090 816 2144 adscripscrat,
855 2106 912 2130 an
948 2086 1040 2132 κατ’
1063 2086 1224 2147 ἆρχήνὶ)
1260 2088 1334 2130 sed
1367 2089 1586 2132 deleverat

129 2147 282 2187 iterum
309 2155 545 2187 transversa
567 2148 681 2187 linea
706 2147 896 2187 inducta.
953 2153 1060 2190 Iunc.

241 2200 477 2258 κατάρχειν]
508 2204 724 2243 Kuelznius
743 2200 831 2246 κατ’
854 2200 1000 2258 ἀρχὴν,
1032 2218 1212 2257 eumque
1241 2215 1320 2244 nos
1353 2201 1581 2256 sequimur,

129 2260 196 2299 En
216 2273 315 2300 vero
347 2260 429 2299 tibi
452 2260 502 2301 de
522 2260 605 2299 hoc
623 2262 812 2299 Pollucis
837 2264 933 2300 loco
967 2260 1092 2300 verba
1111 2261 1314 2299 Postelli:
1353 2260 1477 2307 Duo,
1510 2262 1585 2298 in-

132 2318 220 2370 quit
240 2317 417 2368 Pollux,
448 2326 571 2356 erant
597 2316 775 2356 Athenin
802 2318 1011 2371 Logistae
1040 2327 1120 2357 etc.
1177 2317 1301 2355 Duos
1331 2315 1449 2356 credo
1479 2318 1583 2354 scri-

125 2375 260 2426 psisse
283 2373 496 2413 Pollucem
520 2388 599 2427 pro
623 2374 782 2412 duobus
797 2374 1044 2428 generibus,
1076 2388 1170 2412 cum
1186 2381 1226 2411 et
1246 2374 1374 2411 ceteri
1395 2380 1584 2411 auctores

125 2432 266 2482 plures
286 2429 485 2482 scribant,
505 2440 545 2469 et
553 2433 658 2481 fieri
679 2445 761 2468 non
779 2433 970 2483 potuerit,
997 2438 1044 2469 ut
1066 2430 1144 2468 duo
1163 2430 1243 2469 soli
1258 2436 1321 2467 tot
1344 2428 1584 2467 rationibus

131 2486 355 2524 audiendis
380 2490 488 2526 satis
511 2497 663 2527 essent:
694 2501 832 2525 verum
857 2488 962 2526 duos
989 2487 1119 2525 velati
1130 2485 1344 2538 praesides
1359 2498 1585 2536 possumus

131 2545 176 2581 in
206 2557 249 2581 eo
281 2541 528 2596 intelligere.
587 2543 822 2582 Arbitrium
854 2554 945 2583 esto
974 2543 1170 2592 lectoris,
1201 2541 1326 2580 nobis
1348 2541 1458 2580 enim
1478 2555 1586 2593 pro-

130 2608 224 2653 pter
250 2597 534 2651 breviculum,
584 2614 670 2656 quo
701 2598 804 2640 haec
826 2599 872 2640 in
908 2599 1094 2640 chartam
1126 2597 1343 2639 coniicere
1374 2596 1583 2652 cogimur,
