1664 3016
668 100 790 145 VIII.
849 106 917 147 81.
1420 106 1505 155 695

58 215 142 266 χεῖα
156 211 249 265 δίκη
268 220 334 254 est
348 226 480 253 eausa
500 215 647 254 multis
668 216 802 263 tricis,
832 215 1256 267 tergiversationibus,
1285 223 1326 255 et
1344 214 1503 254 technis

56 277 303 320 exasperata
332 278 372 308 et
393 271 595 322 impedita
608 301 620 321 ‚
651 285 744 310 cum
764 285 860 310 reus
880 272 1018 325 fugiat
1037 272 1116 311 sub
1137 271 1258 312 vario
1280 281 1503 324 praetextu

54 322 291 374 iudicium,
339 326 651 378 profectionem
685 327 810 366 etiam
839 328 884 366 in
922 331 1100 381 Scyrum
1128 337 1171 368 et
1199 327 1410 368 Lemnum
1439 327 1502 366 in·

53 382 168 419 aulas
189 380 414 427 mentitus.
445 396 493 421 ac
524 383 584 421 ita
615 392 798 424 actorem
818 383 960 424 eludat
979 394 1022 424 et
1042 385 1268 423 frustretur
1290 383 1501 425 hiantem:

56 449 141 490 qua
165 436 334 477 ratione
365 438 524 477 Saldae
554 440 715 493 poterit
734 442 922 494 Λημνίαν
939 443 1056 494 δίκην
1076 439 1359 493 interpretari,
1389 442 1503 482 κακί-

55 506 167 545 στην.
195 496 432 547 φυγοδικεῖν
450 509 535 534 uon
556 505 633 546 est,
664 498 789 535 exilio
810 498 1022 547 mulctari,
1054 506 1101 535 ut
1123 496 1261 535 voluit
1282 498 1499 550 Intulit-es,

53 547 139 588 hoc
155 550 255 588 loco
273 552 400 603 plane
418 565 440 589 a
460 561 572 591 recta
589 552 658 591 via
679 552 896 603 aberrans,
925 553 997 594 sed
1019 552 1179 607 potius,
1208 552 1412 605 ἐκκρούειν
1429 550 1502 605 τὴν

53 607 184 659 δίκην,
214 600 291 647 οὔκ
310 602 492 664 α’παντᾷν
510 610 567 655 εἰς
584 610 712 661 δίκην,
742 610 909 661 eludere,
939 610 1132 664 defugere
1153 609 1375 659 iudicium,
1406 610 1502 648 litia

53 675 189 702 eausa
215 660 381 712 abesse,
419 664 470 703 de
497 678 578 717 qua
610 665 929 719 significatione
961 665 1091 705 huius
1115 665 1200 704 loci
1232 679 1306 704 cur
1335 664 1502 705 dubitet

57 718 252 758 Valesius
280 718 328 757 in
347 721 558 772 Harpocr.
587 735 674 760 non
706 720 844 763 video.
879 722 1080 769 Glossae,
1111 723 1346 774 φυγοδικεῖ,
1376 724 1500 773 tergi-

51 778 265 822 versatur-5
313 774 393 815 hos
429 777 545 829 ipsos
581 776 764 816 Athenis
799 777 1122 830 proverbialiter
1150 776 1288 816 dictos
1321 778 1502 816 Imbrios

52 839 96 870 et
115 832 336 883 Lemnias,
375 841 556 872 testatur
589 834 714 873 etiam
735 835 964 886 Dionysius
993 832 1107 888 apud
1135 833 1338 872 Eustath.
1371 832 1498 877 Iliad,

47 899 92 940 p.
119 887 239 928 1225.
271 889 419 928 confer
447 887 627 929 eundem
655 890 699 928 in
722 891 974 942 Dionysium
1003 891 1283 942 Periegetam.
1315 902 1410 943 pag.
1431 887 1497 929 25.

52 943 186 983 Fabri
214 945 404 984 Seme-scr.
426 959 467 998 p.
495 958 581 1000 109.
615 945 768 998 quibus
798 945 906 986 adde
932 948 1174 984 Pontanum
1201 945 1244 983 in
1271 945 1496 984 Protovest.

47 1012 146 1054 Pag.
163 999 257 1043 513.
290 1011 334 1042 et
358 1003 587 1041 Lai-sinum
605 1001 794 1055 Parergis
821 1001 897 1043 lib.
932 1018 964 1042 1.
986 1017 1023 1043 c.
1055 999 1118 1043 18.
1148 1000 1222 1040 ubi
1245 999 1354 1040 circa
1382 999 1497 1040 hunc

47 1058 191 1095 locum
223 1058 431 1112 παρέργως
474 1068 675 1097 versatur.
717 1057 805 1097 vid.
834 1067 878 1098 et
906 1059 1082 1111 Hesych.
1112 1057 1156 1096 in
1193 1055 1291 1112 ἇρχή
1329 1059 1495 1111 Σκυρία.

47 1110 133 1151 huc
165 1114 302 1154 refero
343 1112 449 1152 illud
476 1114 592 1152 Isaei
625 1113 741 1153 Orat.
775 1128 818 1155 v.
849 1117 1037 1168 Λημνίαν
1063 1112 1200 1167 (ὅδόν)
1232 1112 1495 1166 σκηψάμενοι,

45 1165 194 1221 ταύτην
218 1165 423 1223 ἀναβολὴν
447 1169 710 1223 ἐποιήσαντο·
739 1170 827 1209 nisi
851 1171 914 1210 ibi
947 1171 998 1212 de
1019 1171 1194 1211 muliere.
1213 1170 1392 1210 Lemnia
1411 1183 1495 1210 ser·

44 1238 115 1264 mo
137 1235 216 1268 est.
271 1232 418 1267 Kum-

157 1284 339 1335 Σκυρίαν
368 1282 411 1325 δὲ
445 1283 590 1336 δίκην]
627 1283 711 1322 Pro
751 1284 932 1336 Σκυρίαν
962 1283 1058 1323 MS.
1089 1282 1300 1333 {mendose
1335 1283 1496 1340 Κυρίαν

44 1335 196 1387 hahet,
231 1353 359 1393 quum
381 1348 423 1378 et
444 1338 534 1393 ipse
555 1353 655 1378 mox
675 1338 839 1392 Σκύρον
859 1340 1104 1395 adgnoscat.
1158 1346 1268 1380 Iunc.

153 1394 517 1448 νομοδιδάσκαλοι]
563 1395 653 1434 MS·
681 1394 1048 1449 κωμῳδιδάσκαλοι·
1088 1411 1174 1436 nou
1206 1395 1494 1451 νομοδιδάσκα·

42 1455 126 1493 λοι·
155 1461 198 1492 et
230 1466 322 1491 cum
353 1462 500 1492 nostro
524 1451 616 1493 MS.
635 1453 813 1492 sentiam
842 1452 1006 1492 lubens.
1038 1452 1186 1493 notavi
1204 1468 1280 1508 par
1309 1463 1492 1494 erratum

40 1507 152 1548 libro
170 1507 456 1562 praecedeuti.
515 1514 627 1548 Iunc.

150 1563 510 1618 νομοδιδάσκαλοι]
550 1562 894 1619 νομοδιδάσκαλον
930 1565 1106 1605 Οίοεεασ
1137 1566 1242 1620 legis
1280 1566 1493 1605 doctorem

42 1631 288 1675 exponunt:
317 1620 585 1675 intelligendi
616 1636 715 1661 vero
746 1622 882 1676 legum
905 1632 1187 1674 enarratores,
1218 1636 1326 1677 quoa
1353 1624 1492 1676 ἐξηγη-

38 1677 110 1726 τὰς
127 1679 195 1718 vel
223 1678 351 1718 etiam
371 1675 507 1731 νόμων
524 1675 712 1731 ἐξηγητὰς
731 1678 866 1718 Attici
887 1679 972 1717 fori
995 1678 1259 1718 consuetudo
1291 1677 1489 1730 adpellat.

43 1733 95 1772 de
114 1733 182 1772 his
210 1732 256 1773 in
293 1733 568 1788 sequentibus
592 1734 754 1776 Pollux.
794 1735 860 1774 illi
887 1735 1058 1788 propria
1081 1734 1162 1774 sibi
1183 1749 1288 1775 voce
1309 1736 1491 1789 Σκυρίαν

42 1791 159 1843 δίκην
178 1789 376 1829 dicebant
391 1788 462 1843 τὴν
480 1796 674 1844 τραχεῖαν,
707 1806 918 1845 asperam,
956 1805 1078 1844 quam
1100 1800 1146 1829 ut
1166 1793 1397 1843 evitarent,
1428 1790 1489 1830 rei

42 1844 282 1887 abeundum
303 1845 387 1885 sibi
406 1847 451 1885 iu
474 1845 679 1900 Scyrum,
710 1850 912 1888 Lemnum
935 1856 1009 1886 aut
1030 1846 1212 1886 Imbrum
1235 1846 1489 1902 praetende-

43 1903 159 1943 bant.
199 1906 327 1956 plana
358 1912 458 1941 sunt
490 1902 592 1943 haec
619 1912 660 1944 et
679 1918 877 1959 congrua.
909 1918 988 1958 ego
1013 1903 1183 1943 interim
1205 1918 1296 1942 cum
1316 1902 1487 1956 Iunger-

44 1973 198 1998 manno
224 1967 370 1999 nostro
400 1957 835 2015 κωμῳδοδιδασκάλους
863 1961 996 2000 facile
1022 1959 1315 2012 praetulerim,
1354 1959 1491 2014 siqui-

41 2015 134 2056 dem
154 2015 234 2054 ista
265 2015 477 2068 paroemia
502 2019 659 2070 Σκυρία
685 2019 776 2071 δίκη
799 2017 1000 2057 comicam
1022 2016 1071 2054 ab
1096 2016 1210 2055 omni
1229 2027 1347 2070 parte
1369 2016 1488 2056 face·

39 2073 144 2111 tiam
161 2071 427 2125 nitoremque
447 2072 654 2110 comicum
673 2087 771 2126 prae
786 2087 830 2114 se
849 2074 972 2116 ferat,
1011 2072 1181 2112 restitui
1202 2072 1335 2126 igitur
1349 2089 1488 2129 κωμῳ·

40 2125 335 2178 δοῦιδᾶσκαλοι,
367 2128 488 2166 cuius
505 2130 646 2167 locum
670 2132 772 2169 male
793 2127 1130 2182 νομοδιδάσκαλοι
1147 2127 1263 2168 haud
1280 2128 1486 2168 insolenti

38 2184 167 2227 MSS.
195 2198 334 2225 errore
366 2182 567 2226 obtinuit.
638 2185 754 2226 Haec
791 2197 928 2226 autem
955 2187 1135 2227 Pollucis
1176 2185 1311 2224 nostri
1342 2183 1487 2223 laudat

39 2243 238 2280 schottus
265 2239 318 2279 ad
336 2240 494 2279 Suidae
509 2239 691 2294 Adagia:
724 2242 937 2282 videndus
957 2253 998 2283 et
1018 2242 1234 2282 Zenobius.
1293 2239 1373 2280 Sed
1392 2240 1485 2279 Pol-

40 2299 129 2336 luci
165 2307 312 2337 nostro
344 2295 596 2335 illustrando
628 2296 831 2351 Hesychii
861 2297 1068 2351 adponam
1098 2296 1247 2336 verba:
1279 2294 1482 2350 ”Ιμβριος,

42 2353 199 2406 inquit,
228 2354 296 2395 καὶ
316 2350 517 2406 Λήμνιος·
550 2354 591 2394 οἱ
606 2351 677 2401 τὰς
697 2357 848 2404 διαίτας
867 2350 1160 2410 ἀποφεύγοντες
1181 2350 1419 2404 ἐσκήπτοντο
1441 2352 1483 2393 ἐν

40 2407 190 2462 Λήμνῳ
212 2406 242 2462 ἢ
268 2409 477 2464 wama
644 2407 817 2465 Ἴμβρος
845 2412 886 2454 δὲ
918 2417 1041 2465 νῆσος
1064 2408 1236 2466 Θρᾴκης.
1278 2408 1323 2446 in
1353 2406 1482 2447 verbo

38 2465 284 2518 σκήπτεσθαι
311 2480 397 2505 uon
425 2475 487 2506 est
509 2465 625 2519 quod
655 2466 922 2508 haereamus:
954 2468 1114 2521 optime
1146 2466 1333 2503 Glossae:
1363 2460 1484 2515 Σκή-

36 2539 193 2568 aretas,
221 2523 421 2572 simulat3
450 2532 490 2562 et
511 2523 762 2574 Hesychius,
790 2526 1093 2578 προφασίζεται.
1125 2535 1206 2574 qua
1235 2519 1404 2573 quidem
1436 2520 1482 2559 in

38 2579 215 2619 notione
236 2579 433 2632 frequens
453 2587 515 2618 est
537 2577 582 2615 in
602 2579 757 2618 Atticis
776 2579 1063 2634 scriptoribus.
1105 2579 1175 2617 De
1194 2578 1349 2632 Σκυρίᾳ
1366 2573 1479 2634 ἀρχῇ,
