1664 3016
710 99 834 141 VIII.
894 104 914 145 1
924 105 988 146 17.
1495 107 1550 148 77
1553 107 1579 147 9

128 228 208 254 nuc
241 217 288 254 in
315 215 586 269 Areopagum
613 216 799 266 aliquem
825 228 939 255 reum
963 217 1111 254 citare.
1170 214 1288 255 Hine
1307 218 1384 256 lux
1410 215 1582 258 Platoni

126 273 242 326 leges
266 271 422 312 ferenti
447 272 544 325 περὶ
569 267 799 326 τραύματος
830 271 940 311 circa
962 271 1087 312 finem
1107 272 1290 312 1ib.IX.
1322 272 1397 312 ubi
1418 274 1577 328 Legem

125 328 319 367 Atticam
338 336 670 381 temperamento
696 326 878 381 quodam
901 328 1091 383 mitigat,
1125 328 1223 368 dum
1251 329 1360 368 bona
1386 330 1580 370 exulanti

125 383 332 439 relinquit
349 383 508 422 utenda
542 382 733 423 fruenda.
768 384 883 423 conf.
917 384 1068 425 iterum
1091 386 1265 439 Lysiam
1284 386 1467 439 Apolog.
1498 401 1578 440 pro

132 440 286 490 Gallia,
314 448 359 481 et
375 440 590 479 Demosth.
619 440 663 478 in
681 440 885 479 Aristocr.
914 442 1101 482 Lucian.
1132 441 1184 482 de
1206 442 1403 495 Gymnas.
1428 443 1576 485 Galen.

125 495 335 550 Hypomn.
367 495 412 534 in
445 495 653 548 Hippocr.
683 498 904 564 Prognost.
936 497 1162 551 coniungit
1189 498 1389 551 πυρκαϊᾶς
1409 502 1454 543 ἔκ
1472 516 1578 553 προ-

125 554 258 605 ψοίας,
289 566 373 608 quo
398 551 626 604 indicatur,
655 551 705 595 το“
721 556 766 596 ἐκ
788 555 980 606 προνοίας
1002 555 1212 607 pertinere
1234 554 1286 594 ad
1306 556 1446 595 omnia
1472 569 1578 610 quo·

125 622 216 648 rum
238 618 335 649 aute
357 610 518 649 mentio
546 610 675 650 facta.
734 610 842 648 Nam
875 610 1165 649 involuntaria
1187 611 1333 652 caedes
1353 612 1577 652 fortuitus

126 679 208 734 que
257 666 372 721 iguis
412 679 501 704 non
546 676 667 705 erant
700 665 787 705 fori
821 666 1130 722 Areopagitici.
1176 667 1225 710 C.
1261 669 1309 712 V.
1341 671 1472 716 male,
1510 670 1579 712 καὶ

123 721 358 789 πράγματος
381 724 427 765 ἐκ
457 740 502 765 π
559 723 744 765 ΚσΕΗΝ.

237 777 485 834 τραύματος,
518 782 563 823 ἐκ
603 780 818 832 προνοίας]
853 780 950 819 MS
981 780 1049 822 καὶ
1066 777 1314 834 πράγματος,
1343 779 1574 837 Ρτοτραύμ.

126 849 215 875 non
247 846 375 878 recte.
413 845 461 874 tu
487 835 728 902 distingue.
778 839 847 875 vel
891 836 1034 890 potius
1077 837 1199 876 aufer
1236 836 1577 888 distinctionem,

126 892 341 933 scribens.
378 895 447 936 και
477 891 703 959 τραύματος
730 894 776 935 ἐκ
805 895 1010 944 προνοίας.
1042 893 1105 931 εἰσ
1134 902 1177 932 et
1197 907 1321 945 supra
1348 908 1476 949 segm.
1506 890 1575 935 4ο.

126 946 254 1002 φόνου
285 966 356 992 και
384 948 611 1005 τραύματος
630 952 674 992 ἐκ
699 951 889 1003 προνοίας
913 949 1015 1001 (ubi
1036 949 1163 989 etiam
1183 949 1354 989 additur
1375 952 1578 1004 πυρκαὶΐίς

126 1014 170 1045 et
203 1004 485 1076 φαρμάκων)
486 1007 579 1046 sine
610 1005 892 1046 distinctione
919 1004 1187 1045 scribendum
1216 1006 1378 1046 monui.
1410 1010 1578 1048 Lucia—-

123 1077 202 1102 ηιιε
219 1060 442 1118 Ἀνάχαρσι
457 1062 485 1114 ἦ
497 1065 592 1118 nepa*
595 1065 840 1132 ἱ,γυμνασίων
864 1061 914 1102 de
939 1061 1238 1131 Areopagitis.
1268 1060 1392 1112 «γόνου
1411 1082 1434 1115 η
1458 1064 1576 1119 τραύ·

122 1137 248 1173 ματος
273 1122 318 1163 ἐκ
346 1123 551 1175 προνοίας,
582 1118 611 1171 ἢ
635 1118 835 1173 πυρκαὶἵίς
856 1117 1100 1168 δικάσοντες.
1131 1117 1181 1158 de
1203 1119 1355 1158 talibus
1377 1120 1576 1161 nimirum

122 1177 374 1229 Areopagus
405 1176 646 1224 iudicabat,
686 1189 795 1230 quae
832 1186 984 1230 sponte
1021 1185 1062 1214 et
1091 1175 1275 1215 consilio
1308 1187 1575 1231 perpetratae

126 1233 299 1274 caedes·
329 1242 378 1272 ut
396 1246 576 1289 sequens
605 1234 674 1276 ἔπι
693 1235 915 1286 Παλλαδίῳ
938 1231 988 1272 de
1009 1230 1135 1271 caede
1155 1230 1238 1269 ab
1225 1233 1366 1272 invito
1388 1243 1430 1273 et
1452 1233 1575 1288 iguo-

122 1298 243 1330 rante
279 1289 477 1344 profecta
518 1288 750 1329 iudicabat.
809 1290 866 1327 Et
896 1289 958 1328 sic
989 1288 1094 1328 bene
1124 1287 1227 1328 haec
1257 1287 1431 1329 adducit
1462 1291 1576 1329 Bro-

123 1346 256 1386 dacus
281 1346 382 1387 VII.
413 1346 599 1386 Miscell.
631 1360 671 1402 9.
705 1345 750 1384 iu
782 1359 856 1385 sua
886 1347 931 1384 iu
956 1345 1180 1385 Aeschinis
1201 1343 1451 1386 Orationem
1473 1361 1574 1387 con·

124 1412 188 1444 tra
216 1402 399 1455 Ctesiph.
435 1402 806 1442 commentatione.
866 1402 995 1443 Imm.

234 1458 474 1514 τραύματος,
503 1460 548 1501 ἐκ
570 1476 686 1514 προν.
699 1460 719 1512 ]
760 1458 918 1498 Eadem
938 1457 1042 1498 haec
1063 1456 1188 1498 verba
1212 1472 1306 1496 cum
1329 1457 1573 1513 i11a,quam

122 1518 320 1571 superius
381 1516 589 1567 eluimus,
648 1515 810 1556 insedit
856 1517 1043 1565 macula,
1103 1513 1326 1555 delendum
1375 1515 1574 1556 nimirum

122 1588 297 1614 comma.

233 1632 405 1687 ἐγίγνετο
428 1630 471 1672 δὲ
492 1630 716 1684 διωμοσία]
746 1644 833 1683 μετ.
864 1626 954 1671 αὐτ.
984 1629 1203 1695 διωμοσίαν
1221 1646 1283 1685 κρ.
1341 1630 1518 1671 Sznst'ffl

231 1690 402 1743 ἐγίγνετο
435 1689 477 1729 δὲ
502 1685 738 1754 διωμοσία]
775 1686 825 1726 C.
855 1686 906 1728 V.
942 1684 1046 1724 haec
1065 1686 1124 1725 ita
1147 1685 1318 1726 miscet.
1350 1647 1506 1736 δουςῄ
1464 1687 1574 1743 ἐγίγ-

120 1760 211 1811 uffo
229 1746 436 1798 διωμωσία
464 1747 534 1787 καῖ
558 1760 661 1798 μετα
689 1761 762 1793 την
783 1744 998 1809 διωμρσιάν
1014 1745 1148 1796 κρίσιν
1167 1741 1507 1812 προοιμιαζεσθαι
1529 1746 1573 1787 δὲ

121 1819 195 1845 ουκ
221 1802 312 1852 ἐξῆν
353 1803 396 1843 δὲ
422 1803 521 1844 οἰκτ.
555 1810 637 1841 etc.
678 1800 726 1843 C.
752 1799 803 1839 A.
837 1799 961 1840 etiam
991 1813 1068 1852 pro
1096 1816 1196 1853 μετα
1214 1797 1340 1850 αὐτήν
1357 1803 1442 1855 leg.
1470 1817 1572 1853 μετα

119 1877 193 1909 την
216 1860 449 1910 διωμοσίαν.
476 1856 753 1910 praecedebat
773 1857 1078 1902 iuramentum,
1110 1856 1224 1912 quod
1239 1867 1395 1897 vocant
1418 1860 1574 1897 calum-

120 1916 231 1967 niae,
264 1925 306 1955 et
326 1913 459 1954 dein·
447 1929 584 1967 1psum
603 1914 863 1968 sequebatur
882 1912 1100 1952 iudicium.
1138 1912 1226 1954 vid.
1260 1916 1416 1955 Meum.
1445 1917 1575 1953 Areo-

118 1987 279 2026 pagum
311 1985 347 2011 c.
378 1969 419 2011 8.
451 1972 623 2009 Peticus·
652 1970 699 2008 in
737 1971 790 2011 L.
820 1970 876 2012 L.
906 1971 1079 2009 Atticas
1100 1969 1180 2010 tria
1206 1969 1469 2010 observanda
1494 1986 1574 2011 no-

121 2038 209 2068 tat:
247 2042 280 2069 ι.
312 2029 549 2080 διωμοσίαν.
572 2039 609 2067 2.
640 2023 769 2080 λόγον.
800 2025 837 2070 5.
866 2030 1014 2081 κρίσιν.
1042 2024 1157 2080 λόγον
1177 2026 1318 2066 omitti
1339 2041 1361 2066 a
1382 2029 1570 2079 Polluce,

121 2085 194 2126 sed
228 2085 302 2124 ille
330 2098 418 2123 non
449 2083 634 2130 omittit,
665 2083 826 2123 mentio
858 2084 969 2124 enim
993 2083 1084 2123 eius
1110 2092 1172 2124 est
1194 2098 1318 2131 mox
1347 2098 1400 2123 ne
1424 2083 1572 2133 dicam,

121 2141 238 2196 quod
261 2139 375 2196 λόγος
396 2141 453 2180 sit
481 2154 576 2193 pars
607 2140 742 2193 ipsius
769 2142 953 2193 κρίσεως,
984 2140 1168 2195 ideoque
1191 2142 1322 2194 κρίσει
1353 2141 1571 2180 nominata

122 2209 165 2239 et
183 2199 275 2253 ipse
293 2199 420 2238 simul
439 2196 699 2237 nominatur.
757 2198 941 2238 szmv.

231 2257 411 2319 ἐγίγνετο
431 2254 473 2296 δὲ
502 2254 728 2306 διωμοσία]
778 2255 874 2294 MS.
908 2254 1045 2294 variat
1078 2253 1123 2292 in
1157 2266 1242 2291 una
1265 2266 1369 2293 voce
1396 2252 1476 2306 bis,
1506 2253 1570 2293 sic

120 2321 263 2353 tamen
298 2311 490 2366 pleniuS‚
531 2320 580 2349 ut
609 2319 651 2350 et
684 2309 821 2350 Schera·
857 2310 995 2350 nostri
1022 2309 1206 2349 habens:
1247 2311 1464 2363 διωμοσία,
1501 2313 1572 2353 και

120 2367 224 2424 μετοῖ
247 2387 322 2420 την
349 2370 571 2418 διωμοσίαν
599 2369 752 2419 κρίσις·
799 2377 948 2421 postea
972 2366 1189 2420 distingue
1215 2366 1326 2416 ἐξῆν,
1360 2365 1408 2409 οὐ
1432 2368 1475 2408 δὲ
1489 2377 1570 2408 etc.

123 2425 176 2465 de
199 2428 399 2480 διωμοσίᾳ
423 2424 503 2462 hac
526 2423 744 2490 agentium
766 2423 811 2462 in
833 2427 1056 2476 Areopago
1079 2423 1204 2462 etiam
1228 2422 1474 2476 accipienda
1496 2423 1571 2462 ina

121 2483 400 2535 Antiphontis
426 2480 519 2535 περὶ
539 2481 609 2522 τοῦ
626 2476 815 2533 Ἡρώδου
838 2480 985 2535 ᾳόνου·
1017 2474 1217 2533 οἷναῖμοτος
1240 2496 1288 2530 με
1272 2480 1314 2520 ’ν
1334 2477 1454 2529 αὐτος
1473 2481 1572 2548 ἐμοῦ

120 2542 387 2606 κατηγορεῖς,
395 2537 592 2587 οἷιώμοτοι
622 2538 663 2578 δὲ
689 2542 726 2579 οἱ
749 2537 949 2592 μάρτυρες
969 2536 1339 2590 καταμαρτυροῦσι
1376 2537 1465 2579 δέον
1494 2554 1571 2579 αυ-

121 2611 215 2644 τους
237 2594 308 2638 τόν
335 2593 460 2638 αὐτόν
489 2594 606 2649 ὁρκον
639 2607 701 2636 σοι
732 2594 1065 2649 διομοσαμένους,
1112 2594 1182 2635 και
1217 2591 1467 2646 ἁπτομένους
1492 2594 1571 2636 τῶν
