1664 3016
678 119 800 161 VIII.
857 122 926 164 40.
1451 123 1530 164 641

73 229 337 286 παραβόλων,
367 229 410 271 id
438 240 500 273 est
521 233 680 289 pignus
703 233 845 280 enim,
884 232 928 271 in
967 230 1082 287 quod
1114 231 1289 286 sponsio
1314 230 1376 271 fit.
1407 230 1531 273 docet

75 290 185 329 hane
207 287 560 344 significationem
591 287 790 329 vocabuli
820 287 871 328 ad
895 288 1177 342 Phrynichum
1207 289 1251 327 in
1281 287 1532 342 παραβόλων

74 346 154 387 Vir
172 344 352 385 illustris
374 345 420 383 in
442 345 557 384 notis
583 346 682 385 suis.
742 345 912 386 Priores
943 355 1081 385 autem
1109 344 1319 386 editiones
1337 346 1530 384 Pollucis

74 402 277 455 ἒπωβολία
299 399 469 444 habent.
501 402 702 456 ἔπωβελία
724 414 893 456 quoque
914 401 1015 440 hinc
1045 402 1148 440 citat
1167 403 1330 441 Hostus
1348 400 1423 441 lib.
1455 417 1532 441 111.

74 458 136 500 rei
155 471 311 497 numm.
333 465 417 497 vet.
443 472 479 498 c.
498 458 536 500 4.
561 474 600 500 n.
631 456 691 498 14.
714 456 800 498 vid.
824 466 865 498 et
886 457 999 496 infra
1030 471 1157 512 segm.
1187 456 1254 500 48.
1282 459 1529 510 ἐπωβελειάν

74 515 202 563 etiam
226 516 354 568 vulgo
377 523 500 553 antea
523 523 620 556 erat.
639 524 680 555 et
700 528 824 570 segm.
856 511 948 555 158.
976 515 1202 567 ἐπωβελίαν
1226 523 1339 554 recte
1368 528 1528 554 reman-

74 571 132 611 sit
153 570 199 610 in
222 569 357 623 prima
375 567 581 612 editione.
611 578 716 611 Iuno.

184 624 405 679 ἐπωβελία]
437 628 661 667 Aeschines
675 624 777 670 κατοέ
807 622 1036 681 Τιμάρχου·
1061 629 1130 668 καῖ
1145 621 1394 680 προσόφλων
1416 625 1537 668 &nei--

74 697 139 726 σιν
156 685 201 729 ἐκ
222 682 296 726 τοῦ
317 685 582 738 δικαστηρίου
602 683 649 727 οὐ
677 682 749 735 τήν
775 684 998 735 ἐπωβελίαν
1028 679 1182 737 μόνον,
1227 681 1333 724 α’λλοέ
1360 684 1428 725 καὶ
1457 681 1529 733 τήν

73 741 195 791 ἄλλην
213 739 350 794 ὕβριν.
379 741 607 794 ἐπωβολίαν
634 741 679 780 in
699 741 938 780 Basileensi
962 738 1152 780 editione
1172 739 1391 779 Kuelzniue
1418 753 1532 780 nos-

73 806 138 838 ter
155 795 462 838 emendaverat.

183 854 323 907 μέρος]
352 851 484 892 Abest
508 866 531 892 a
553 851 596 896 C.
617 853 666 895 A.
698 859 846 894 Ktmmv.

187 908 408 964 αἱρεθείς.]
435 907 529 950 MS.
551 909 749 951 mendose
766 910 791 953 ὅ
807 909 980 966 ε’ρεθείς.
1009 914 1119 952 Iunc.

185 963 330 1020 ὀβολδς
349 963 420 1018 ἦν]
452 964 614 1005 Hostus
632 965 708 1007 lib.
733 982 806 1010 ιιι.
825 966 888 1008 rei
907 980 1062 1006 numm.
1087 973 1172 1006 vet.
1199 978 1294 1019 cap.
1315 962 1356 1007 4.
1383 978 1427 1007 n.
1462 963 1525 1008 14„

71 1029 260 1064 Iunonum.

182 1075 452 1133 παράστασις]
484 1079 662 1132 Proprie
683 1079 879 1119 exhibitio
895 1082 1074 1126 esicius»,
1099 1093 1176 1131 pro
1205 1093 1284 1131 quo
1298 1078 1527 1128 fideiussor

72 1138 120 1175 in
144 1136 291 1176 iudico
313 1136 594 1188 promittendo
625 1138 874 1179 intercessit.
943 1135 1028 1176 Hic
1057 1145 1194 1175 autem
1223 1148 1301 1189 pro
1330 1134 1527 1174 drachma

71 1193 267 1239 sumitur,
295 1205 401 1248 quae
428 1205 450 1230 a
477 1191 682 1231 iudicium
700 1192 904 1232 subituris
924 1192 966 1231 in
989 1192 1275 1245 apparitorum
1293 1190 1525 1232 mercedem

71 1248 325 1289 solvebatur.
385 1247 585 1289 Astabant
608 1248 720 1288 enim
740 1248 915 1288 iudiciis
935 1251 1211 1303 apparitores,
1248 1248 1324 1302 qui
1354 1261 1448 1288 reos
1478 1247 1525 1286 in

71 1304 234 1344 iudicio
266 1303 497 1351 sistebant,
529 1303 571 1347 h.
604 1319 640 1345 e.
671 1304 916 1349 evocabant.
989 1305 1070 1345 Gn.
1107 1319 1130 1345 e
1149 1304 1264 1345 Bud.
1286 1304 1524 1350 Comment.

71 1362 145 1403 Gr.
167 1363 195 1401 1.
218 1362 298 1400 col.
320 1358 414 1403 502.
443 1366 523 1400 San.
1427 1396 1429 1399 ,

180 1412 291 1472 παροῖ
310 1416 523 1467 διαιτητῶν
542 1418 859 1472 προεισέφερεν]
899 1416 943 1459 C.
972 1417 1025 1458 A.
1054 1416 1320 1471 προσέφερεν.
1341 1414 1523 1468 Hesyeh.

12 1498 19 1503 1
70 1477 130 1524 εἰς
154 1472 346 1527 ε’μφανῶν
369 1473 630 1523 κατάστασιν,
670 1474 721 1524 ἢν
746 1471 864 1530 ἡμεῖς
892 1475 1089 1528 καλοῦμεν
1118 1474 1342 1526 ἐμφανείας
1369 1469 1527 1526 ἐγγύην.

69 1526 95 1574 o‘
113 1528 270 1573 διαῖκων
292 1546 379 1572 non
401 1542 463 1572 est
481 1546 590 1582 reus,
621 1531 692 1572 sed
713 1542 854 1573 actor:
885 1532 958 1571 ille
977 1532 1090 1571 enim
1110 1528 1351 1583 deponebat
1377 1527 1526 1568 drach-

70 1602 176 1627 mam
197 1586 308 1640 napa?
325 1591 561 1639 διαιτηταῖς,
602 1589 685 1639 (ita
715 1588 826 1629 enim
854 1590 1067 1644 legerem.)
1089 1587 1285 1626 Platonis
1309 1588 1428 1625 locus
1460 1592 1526 1624 est:

69 1644 143 1685 lib.
164 1647 225 1686 κί’.
245 1643 296 1686 de
316 1645 500 1699 Republ.
529 1652 680 1685 Kussnn.

183 1699 297 1755 παροὲ
314 1702 528 1754 διαιτητῶν
543 1701 871 1758 προεισε’φερεν.]
902 1700 993 1744 MS.
1025 1696 1139 1754 napo?
1166 1693 1349 1755 διαιτητῇ
1376 1695 1525 1753 προσέ-

71 1773 206 1814 φερεν.
236 1763 342 1798 Iuno.

183 1813 292 1870 παρα
320 1815 551 1868 διαιτητῶν]
582 1816 795 1855 Kuehnius
814 1815 1050 1865 διαιτηταῖς,
1082 1811 1196 1867 quod
1214 1810 1322 1851 idem
1345 1819 1408 1851 est
1431 1823 1525 1849 cum

72 1885 119 1911 ea
139 1869 436 1911 emendatione
460 1885 582 1926 quam
617 1872 755 1912 textui
787 1872 949 1911 inserui
982 1886 1004 1911 e
1022 1869 1182 1910 Codice
1207 1868 1522 1921 langermanni.

70 1929 356 1983 προεισέφερεν
378 1941 478 1967 mox
498 1927 598 1970 edit.
620 1928 749 1980 prior.
778 1927 1006 1968 habebant.

184 1984 565 2036 προσκαλέσασθαι]
598 1985 645 2025 C.
665 1985 714 2025 A.
726 1986 1073 2039 προσεκαλέσαντο
1090 1985 1134 2026 οἱ
1148 1984 1184 2037 ῥ’.
1202 1979 1301 2021 vide
1317 1981 1524 2032 Harpocr.

72 2042 119 2081 in
138 2040 399 2095 πρόσκλησις,
428 2040 504 2079 ubi
527 2041 713 2095 explicat
736 2053 779 2081 et
796 2040 1241 2095 τόπροσκαλέσασθαι.
1271 2044 1418 2075 Kumm.

183 2099 555 2150 προσκαλέσασθαι]
592 2100 964 2151 προσκαλέσασθαι,
1003 2097 1052 2140 τό
1076 2094 1365 2150 παραγγέλλειν
1384 2095 1443 2157 εἰς
1471 2093 1525 2134 δί-

71 2173 162 2206 κην,
197 2156 259 2194 ait
278 2154 579 2206 Harpocratio,
612 2164 653 2193 et
674 2164 798 2195 testes
822 2155 926 2195 citat
945 2154 1260 2193 Demosthenem
1281 2153 1323 2192 ε-’ν
1351 2167 1405 2203 τῳ
1433 2152 1526 2201 περὶ

70 2214 142 2255 τοῦ
157 2212 322 2266 Ἀγνίου
354 2208 530 2264 κλήρου·
570 2219 612 2251 et
638 2212 892 2263 Hyperidem
924 2214 966 2254 ἐν
992 2212 1050 2266 τῷ
1080 2209 1185 2264 πρός
1206 2204 1444 2259 Λοῖμιππον.
1484 2215 1526 2245 et

71 2268 184 2309 infra
223 2283 348 2323 segm.
385 2267 450 2310 68.
498 2267 549 2307 de
585 2277 810 2308 accusante
827 2284 840 2307 .·
887 2269 1114 2325 παρέστησε
1155 2268 1239 2316 τοῖς
1280 2263 1521 2312 δικάζουσιν.

70 2330 256 2367 quenum.
850 2363 852 2367 .

764 2384 831 2424 40.

183 2438 334 2493 γραφαὶ
352 2439 393 2480 δὲ
416 2434 562 2491 φόνου]
595 2435 640 2477 C.
667 2436 720 2478 A.
747 2435 880 2491 φόνων
907 2438 974 2480 καὶ
998 2432 1226 2491 τραύματος
1252 2431 1295 2474 ἔκ
1330 2429 1527 2484 προνοίας

72 2503 150 2537 etc.
170 2496 318 2534 confer
339 2510 428 2548 cap.
456 2507 512 2533 ιο.
530 2495 574 2532 iu
593 2493 735 2532 initio.
766 2500 911 2534 Kumm.
1493 2541 1502 2550 .

180 2552 333 2605 γραᾳαὶ
355 2554 396 2593 δὲ
418 2548 559 2604 admon]
591 2549 735 2589 Lubet
760 2560 803 2590 et
823 2550 927 2590 haec
952 2549 1035 2589 tibi
1059 2558 1106 2586 ut
1127 2559 1250 2599 supra
1274 2543 1317 2581 in
1346 2541 1526 2594 privatis
1581 2552 1582 2555 ’

68 2607 311 2647 actionibus
333 2607 408 2646 sub
429 2623 558 2647 unum
583 2616 797 2660 aspectum
827 2622 884 2648 ex
909 2608 1074 2659 Sigonii
1106 2601 1204 2644 Hbc.
1239 2615 1313 2638 111.
1332 2598 1401 2643 de
1416 2599 1524 2652 Rep-

109 2674 238 2708 Pollux
265 2674 344 2709 Vol.
373 2678 416 2709 V.
1181 2670 1207 2709 S
1235 2683 1253 2707 8
