1696 3028
672 123 754 191 Ἥ.μ
810 149 904 194 105.
1440 153 1521 195 137

58 267 133 308 isse
152 263 495 322 Abdolonymu's.
554 265 703 319 Ipsum
724 272 837 306 certe
859 263 943 304 viri
968 277 1124 305 nomeu
1154 263 1382 306 Orientem
1412 265 1520 305 resi-

58 323 126 377 pit
156 322 357 365 omuibus
381 323 538 366 literis.
578 323 646 364 cl.
666 322 924 363 Freinshem.
943 321 991 361 in
1017 321 1134 365 Cart.
1149 321 1248 365 libr.
1267 322 1344 362 IV.
1362 337 1455 376 cap.
1484 338 1519 367 1.

58 379 170 425 illud
188 381 370 434 resolvit
385 381 435 422 in
455 379 636 423 Abdan·
655 394 803 422 servus
816 380 904 420 Dei
922 382 966 421 et
984 389 1054 421 ’.τῇ
1070 394 1242 434 pauper.
1267 379 1406 420 Gar-tii
1418 381 1521 420 scri-

58 438 270 492 ptionem,
287 453 396 496 quae
405 437 580 480 exhibet
589 436 922 487 Abdum-ninus,
941 436 980 477 si
997 435 1280 488 advertamus,
1305 437 1422 478 forte
1439 438 1523 478 erit

58 494 280 550 Syriacum
301 508 377 551 'm
400 493 455 538 τὸ
471 506 583 538 max?
603 510 749 536 servus
769 509 852 536 non
868 495 1049 550 affectus
1068 494 1220 545 taedio,
1248 494 1324 535 sed
1345 497 1523 550 impiger

58 553 122 593 ad
132 553 335 603 laborem,
364 551 440 595 iud
463 553 509 594 iu
537 553 625 594 fine
646 552 815 593 adiecto
839 567 918 607 pro
939 566 1056 593 more
1073 552 1264 608 liuguae,
1296 551 1412 607 quod
1432 567 1524 593 no-

58 624 158 651 meu
184 608 293 665 hene
326 609 508 667 quadrat
530 610 577 651 iu
606 609 986 664 Abdolonymum,
1025 618 1076 650 ut
1102 609 1181 664 qui
1202 609 1249 649 iu
1271 619 1523 664 paupertate

59 677 188 709 uatus
208 666 503 724 educatusque
524 667 696 710 rusticis
716 667 859 722 operis
885 667 1187 708 mercenariam
1209 666 1345 707 vitam
1363 670 1522 708 tolera-

59 724 128 765 vit
147 735 284 782 aequo
302 727 466 776 auimo.
529 726 701 765 Curtius
719 727 750 765 1.
774 739 809 765 c.
830 725 977 776 refert,
1005 723 1227 764 sterilibus
1250 723 1399 765 herbis
1417 724 1524 765 sub-

60 781 269 824 urbanum
290 781 463 824 hortum
483 795 748 839 repurgasse.
802 783 995 823 Iustinus
1013 779 1109 823 libr.
1131 796 1198 825 xx.
1223 795 1316 837 cap.
1338 793 1402 824 10.
1424 797 1524 837 ope-

60 853 149 885 ram
167 836 223 883 ad
240 850 397 895 puteos
417 839 735 882 exhauriendos
765 839 1008 891 oblocasse,
1043 837 1282 894 hortosque
1310 839 1526 896 irrigasse.

60 898 183 937 Plat.
220 897 343 940 Orat.
370 912 423 940 ιι.
456 896 509 939 de
538 898 717 940 Fortun.
744 898 871 939 Alex.
893 893 1042 953 εὑρέθη
1058 903 1251 952 πρασιαῖς
1270 895 1384 951 ὕδωρ
1405 899 1525 941 ἐπαν-

59 958 178 1005 τλόν,
207 954 402 998 inventus
417 963 478 996 est
496 956 649 996 areolis
682 955 921 1009 irrigandis
941 969 1101 1009 aquam
1120 953 1336 1007 hauriens,
1356 954 1432 994 ubi
1444 971 1526 997 no-

63 1025 160 1052 meu
186 1011 271 1054 viri
289 1009 489 1068 pessimis
508 1011 647 1053 modis
669 1021 916 1066 corruptum
937 1022 1015 1062 est,
1042 1012 1233 1060 ἐκαλεῖτο,
1264 1011 1427 1068 inquit,
1446 1013 1527 1066 ἄρα

60 1066 298 1124 Ἀλύνομος.
329 1069 458 1111 facile
474 1079 823 1125 autemapparet,
859 1069 976 1124 quod
999 1069 1104 1111 haec
1122 1067 1358 1110 deformata
1372 1071 1461 1110 sint
1472 1086 1528 1112 ex

55 1122 362 1182 Ἀβδαλόνιμσς.
419 1125 590 1170 Deinde
618 1126 823 1168 Sidonius
857 1128 931 1166 ille
959 1127 1004 1166 in
1032 1126 1271 1168 virtutibus
1303 1126 1528 1168 herbarum

62 1187 215 1238 procul
240 1183 375 1227 dubio
401 1185 578 1225 minime
614 1183 785 1238 hospes,
818 1185 948 1224 facile
975 1193 1246 1240 unguentum
1264 1198 1319 1226 ex
1347 1186 1455 1238 liliis
1485 1196 1529 1228 et

62 1241 247 1299 ligustro
271 1241 483 1284 conficere
503 1253 546 1282 et
565 1239 619 1282 ad
638 1243 927 1284 Alexandrum
944 1241 1054 1282 bene
1074 1241 1127 1283 de
1142 1256 1188 1282 se
1208 1243 1404 1283 meritum
1423 1244 1529 1284 mit-

63 1308 152 1340 tere
184 1299 344 1348 voluit,
372 1300 536 1353 potuit.
593 1299 688 1340 Nec
713 1313 868 1339 munus
887 1301 1003 1354 Rege
1030 1299 1271 1340 fortissimo
1300 1299 1529 1357 indignum

63 1356 166 1410 fuit,
195 1357 312 1412 quie,
347 1357 633 1410 Theophrasto
652 1358 744 1413 περὶ
775 1353 912 1411 ὀσμῶν
932 1354 1091 1407 iudice,
1121 1366 1388 1413 unguentum
1412 1359 1530 1413 quod

63 1426 119 1454 ex
133 1413 319 1470 ligustro
336 1414 530 1469 liliisque
554 1413 702 1463 confit,
732 1421 816 1463 τοῖς
835 1409 1032 1468 ἀνδράσιν
1056 1410 1268 1470 ἁρμόττειν
1287 1417 1411 1458 δοκεῖ.
1444 1415 1529 1456 huc

61 1471 266 1527 pertinet,
297 1471 416 1527 quod
433 1472 564 1512 alium
599 1470 876 1512 Sidoniorum
894 1473 1055 1527 Regem
1079 1471 1142 1512 ita
1175 1475 1364 1526 appellat
1382 1473 1530 1514 Aelia-

61 1543 142 1569 nus
167 1527 244 1573 lib.
265 1544 354 1572 vu.
379 1529 430 1571 V.
448 1529 505 1570 H.
534 1545 570 1572 c.
602 1541 642 1570 2.
663 1528 860 1584 Στράτων
891 1527 915 1573 ὅ
936 1526 1151 1580 Σιδώνιος.
1182 1527 1359 1571 eandem
1379 1545 1530 1572 corte—

63 1585 254 1627 ctionem
276 1585 400 1628 affert
422 1586 620 1628 Valesius
637 1587 753 1627 notis
774 1587 820 1626 in
845 1587 888 1627 h.
909 1590 938 1630 1.
968 1593 1119 1627 Kumm.

171 1641 323 1701 Ἀβὸελ.
349 1640 374 1688 ὅ
392 1643 642 1700 Σικυώνιος]
673 1644 1007 1700 Falckenburgii
1029 1643 1122 1687 MS.
1142 1639 1384 1701 ἆβελλῶνιος
1412 1642 1434 1698 ὁ
1454 1650 1532 1689 Σι-

63 1697 232 1755 δώνιος,
273 1700 392 1758 quod
433 1702 651 1756 posterius
682 1701 821 1743 Curtii
857 1701 1099 1743 narrationi
1133 1702 1398 1743 conveniens
1452 1714 1530 1746 est.

63 1758 305 1800 Plutarcho
343 1758 396 1800 de
429 1760 625 1800 Fortuna
655 1760 897 1803 Alexandri
927 1759 1048 1801 Orat.
1080 1775 1135 1801 ιι.
1163 1759 1268 1801 edit.
1303 1762 1365 1801 H.
1389 1761 1532 1815 Steph.

63 1817 186 1884 T'om.
203 1831 237 1861 1.
262 1829 306 1872 p.
326 1814 423 1860 606.
434 1813 669 1874 ’Δλύνομος
686 1816 849 1859 dicitur
865 1827 909 1860 et
925 1817 1058 1862 Diod.
1079 1818 1165 1859 Sic.
1185 1816 1261 1857 lib.
1285 1833 1408 1860 xvn.
1432 1823 1532 1862 Βαι-

63 1877 163 1916 λονυ
193 1891 252 1924 ος.

164 1891 390 1987 μβασίλειον]
408 1933 704 1985 Plin.Histpr.
715 1932 912 1974 Natural.
927 1947 1038 1985 χιιι,
1059 1944 1098 1976 2.
1109 1931 1535 1988 regaleunguentum,

66 1986 342 2041 appellatum,
372 1993 572 2044 quoniam
595 1992 856 2031 Parthorum
867 1991 1037 2045 regibas
1056 1993 1124 2031 ita
1143 1999 1415 2045 temperatur,
1440 2007 1535 2032 con-

66 2055 158 2086 stat
180 2045 461 2100 myrobalano,
494 2056 624 2100 costo,
654 2063 818 2089 amomo
841 2058 921 2091 etc.
951 2047 1057 2091 Sim.

176 2100 459 2159 ἀλάβαστρον]
498 2106 658 2146 Matth.
686 2120 823 2157 xxm,
865 2120 903 2159 7.
931 2103 1187 2162 ἀλάβαστρον
1210 2102 1342 2160 μῦρου
1369 2109 1538 2161 βαρυτί-

65 2179 161 2216 μου.
193 2161 285 2204 Cic.
304 2161 436 2202 Acad.
459 2177 513 2204 11.
548 2162 684 2218 (apud
705 2165 815 2207 Non.
837 2165 1030 2207 Marcell.
1059 2179 1162 2215 xrx,
1198 2166 1286 2218 ¹7-)
1317 2165 1536 2204 alabaster

60 2220 214 2272 plenus
243 2221 464 2275 unguenti.
500 2221 621 2264 Ptin.
659 2220 769 2262 ibid.
800 2230 1019 2276 unguenta
1061 2225 1218 2274 optime
1252 2223 1327 2273 (al.
1358 2222 1535 2276 optima)

65 2286 290 2318 servantur
307 2281 356 2318 in
376 2277 626 2320 alabastris.
643 2277 752 2320 Item
773 2293 944 2327 xxxvx,
974 2280 1016 2322 ὃ.
1045 2280 1333 2332 alabastriten
1349 2280 1535 2332 lapidem

67 2343 226 2374 cavant
241 2335 304 2374 ad
318 2348 422 2374 vasa
442 2339 750 2389 unguentaria,
785 2340 990 2391 quoniam
1011 2340 1164 2389 optime
1181 2336 1266 2392 (ea)
1284 2351 1451 2377 servare
1473 2339 1537 2376 in-

67 2401 265 2447 corrupta
285 2393 461 2436 dieitur.
527 2393 772 2433 Theocritus
788 2404 930 2435 tamen
949 2393 1060 2435 dicit
1078 2394 1208 2436 etiam

181 2452 322 2503 Συρίω
342 2451 384 2493 δὲ
401 2446 518 2505 μῦρω
539 2445 690 2504 χρύσει’
714 2447 955 2509 ἀλάβαστροι.

68 2505 234 2559 Idyllio.
254 2523 333 2558 xv,
369 2523 383 2549 1
398 2511 460 2549 14.
489 2506 593 2549 Sim.
1526 2535 1534 2540 „

182 2560 446 2621 ἀλάβαστρον]
485 2565 678 2619 Theophr.
704 2564 756 2606 de
789 2567 1005 2609 odoribus:
1031 2565 1341 2623 ’Λλαβάστρους
1373 2570 1538 2621 ζητοῦσι

69 2619 254 2665 τοιούτου
271 2626 407 2666 λίθου.
439 2622 641 2662 nimirum
660 2629 826 2679 ψυχροῦ
839 2627 907 2668 καὶ
925 2631 1100 2669 πυκνοῦ.
1163 2631 1289 2667 Hunc
1312 2625 1451 2679 aliqui
1469 2627 1538 2664 la-

65 2679 203 2732 pidem
219 2680 514 2721 Alabastriten
534 2690 697 2732 vocant,
720 2697 840 2735 quem.
856 2694 1015 2737 cavant
1036 2684 1098 2722 ad
1114 2698 1223 2723 vasa
1236 2686 1535 2737 unguentaria,
