1664 3016
694 147 791 190 VII.
852 150 947 192 182.
1461 141 1542 189 '511

93 260 280 314 διδόντος
300 263 436 319 ἔργον,
466 260 511 305 τὸ
530 262 766 318 ἐργοδοτεΐν.
823 262 892 302 Ne
920 258 1110 310 dubites,
1141 258 1403 313 ipsissimum
1426 259 1545 300 illum

91 323 233 363 locum
255 319 543 372 Xenophontis
563 318 771 368 adscribo,
797 333 896 374 quo,
918 332 976 358 nev
994 316 1105 371 quid
1120 315 1395 365 dissimulem,
1418 318 1544 368 lecto,

92 376 336 418 huius'looi
364 377 563 415 Pollucis
591 375 831 416 emendatio
855 374 964 414 mihi
990 374 1082 415 visa
1103 373 1191 412 fuit
1207 372 1371 413 demum
1390 384 1501 414 certa
1521 388 1545 413 a

89 446 160 474 ne
178 431 439 488 deprehensa
451 446 464 473 t
493 433 536 475 ἕν
556 431 629 486 μὲν
647 431 722 489 γὰρ
738 439 823 483 ταῖς
841 437 1001 488 μικραῖς
1019 427 1181 473 πόλεσιν
1207 432 1250 472 οἴ
1259 426 1374 474 αὐτοὶ
1382 436 1547 473 ποιοῦσι

90 491 256 544 κλίνην,
285 487 444 545 θύραν,
475 488 674 545 ἄροτρον,
710 488 926 545 τράπεζαν·
967 485 1160 537 πολλάκις
1177 482 1221 529 δ’
1247 484 1271 529 ὅ
1288 484 1407 537 αὐτὸς
1428 480 1548 538 οὗτος

91 547 164 591 καὶ
188 549 416 601 οἰκοδομεῖ,
446 547 513 589 καὶ
541 543 679 604 ἆγαπᾷ
690 575 705 596 ,
741 544 797 601 ἦν
813 543 1037 594 καὶόῧτως
1056 541 1225 594 ἰκανοῦς
1245 540 1370 588 αὐτὸν
1386 545 1548 599 τρέφειν

92 602 307 661 ἐργοδότας
325 601 524 660 λαμβάνῃ.
582 610 687 645 Imm.
1525 622 1531 638 ,-

205 658 474 717 ἔργολάβους]
515 665 692 713 Inter-pr.
721 663 934 713 operarios.
970 659 1121 699 melius
1149 658 1284 699 Gloss.
1305 658 1546 712 redemptor,

93 731 300 771 manceps.
342 717 530 766 Gallice,
560 726 898 770 entmprenmur,
933 717 1135 770 fabricae
1158 723 1368 768 susceptor
1392 718 1549 756 Aer-oni

91 774 141 814 in
162 772 319 816 Horat.
341 775 412 814 cui
430 773 660 827 respondet
686 771 909 829 ἕργοὸότης,
939 774 1163 824 adventor-3
1192 773 1304 812 forte
1323 786 1377 811 ex
1392 773 1549 812 adven·

90 831 224 884 ditor-‚-
256 830 373 886 quod
393 841 435 871 et
459 832 623 870 Auctor
642 842 790 885 postea
811 829 947 871 docet.
979 833 1099 870 locus
1120 828 1286 883 integer
1305 843 1392 868 non
1412 829 1548 869 intel·-

91 890 228 929 lectus
259 889 496 941 Interpreti.
538 897 602 927 est
631 902 733 928 vero
761 887 834 926 hie
858 886 1070 942 genuinus
1095 885 1188 924 eius
1207 898 1379 924 sensus:
1408 885 1546 935 Plato,

92 944 251 1001 inquit,
279 943 513 985 insecundo
532 944 581 982 de
600 944 774 996 Repulsi.
800 944 915 982 inter
932 942 1041 982 alios
1063 940 1232 982 civitati
1254 940 1362 981 bene
1384 942 1548 981 instru—

93 1011 187 1042 etse
206 1002 466 1042 necessarios
488 999 670 1040 artifices
693 1008 884 1041 recenset
900 999 1026 1040 etiam
1046 996 1292 1054 ἐργολάβους
1302 997 1370 1037 his
1389 998 1548 1040 verbis:

92 1059 295 1114 ῥαψῳδοὶ,
324 1058 522 1113 χορευταὶ,
553 1053 776 1112 ὑποκριταὶ,
799 1055 1010 1112 ἐργολάβοι
1027 1058 1096 1098 καὶ
1110 1053 1159 1096 τὰ
1176 1052 1309 1108 ὅμοια,
1329 1069 1437 1109 quae
1457 1069 1548 1096 ver·

93 1114 147 1154 ba
169 1114 318 1154 ultima
339 1113 492 1154 absunt
504 1128 526 1153 a
541 1114 588 1154 C.
602 1114 653 1153 A.
665 1128 758 1152 cum
781 1114 955 1153 caeteris
968 1127 1076 1169 quae
1099 1122 1335 1165 sequuntur
1355 1111 1406 1151 ad
1419 1111 1546 1152 finem

93 1186 228 1227 usque
255 1170 471 1212 sectionis.
510 1169 584 1209 hie
611 1169 808 1224 equidem
832 1170 954 1210 Plato
973 1183 1050 1225 per
1081 1165 1325 1224 ἐργολάβους
1339 1168 1549 1224 intelligit

91 1226 189 1278 τοὺς
213 1228 309 1283 περὶ
334 1225 508 1281 σκηνὴν,
545 1227 814 1279 redemptores
834 1235 1069 1278 apparatus
1092 1227 1263 1276 scenici,
1297 1225 1371 1279 qui
1394 1235 1547 1278 vesteS,

94 1284 251 1335 eibum,
261 1283 502 1340 magistros,
514 1282 646 1323 choro
660 1293 703 1323 et
721 1283 901 1324 scenicis
924 1298 1016 1323 eum
1039 1282 1135 1322 aliis
1161 1281 1410 1322 necessariis
1427 1296 1548 1336 prae-

93 1339 274 1391 habant,
311 1349 463 1380 certam
487 1353 509 1379 a
538 1340 782 1380 lucentibus
803 1340 919 1394 pacti
944 1339 1193 1393 pecuniam.
1223 1339 1328 1378 licet
1349 1347 1551 1379 autemet

94 1398 203 1438 alios
223 1411 393 1448 omnes,
423 1398 765 1452 ἐργολαβοῦντας,
803 1396 848 1436 id
878 1406 966 1447 est,
1006 1395 1079 1450 qui
1113 1409 1239 1449 opera
1271 1408 1550 1449 quaecunque

91 1452 356 1494 conficienda
378 1453 608 1504 redimunt,
631 1453 714 1493 isto
736 1453 948 1508 appellare
967 1452 1155 1492 nomine.
1213 1453 1280 1491 Ita
1305 1451 1550 1506 intelligen-

93 1509 172 1550 dus
190 1519 256 1550 est
273 1512 446 1560 Auctor,
476 1511 515 1549 si
533 1509 662 1550 modo
683 1510 735 1549 ab
753 1510 849 1564 ipso
863 1510 1054 1564 profecta
1073 1518 1174 1548 sunt
1195 1508 1550 1562 haecposteriora

92 1566 238 1618 verba,
271 1580 380 1622 quae
397 1577 446 1606 nt
470 1566 563 1606 dixi
583 1567 629 1606 in
647 1567 696 1606 C.
718 1568 771 1606 A.
792 1581 879 1606 non
901 1575 1160 1620 comparent.
1205 1564 1382 1616 Interpr.
1405 1563 1551 1603 fraudi

93 1623 182 1663 fuit
201 1623 318 1678 quod
345 1623 473 1664 verbs
503 1623 693 1664 Platonis
719 1638 740 1662 a
772 1624 952 1663 Pollucis·
969 1631 1098 1662 textu
1116 1625 1261 1662 nullus
1280 1621 1551 1674 distinxerat,

93 1693 173 1720 neo
184 1694 232 1720 ea
252 1679 326 1720 hic
346 1681 562 1735 explicari
580 1679 951 1721 animadverterat.
971 1680 1151 1719 Salmas.
1164 1679 1210 1718 in
1227 1679 1359 1718 titulo
1370 1691 1550 1733 sequen-

94 1735 152 1776 tis
172 1736 342 1776 articuli
362 1739 444 1793 leg.
463 1738 875 1794 περὶ-ε’ργεπιστατῶν.
931 1743 1082 1777 Κπωτ.

205 1793 248 1848 ἐρ
275 1791 472 1848 ολᾶβους]
498 1794 912 1834 Praestantissimum
931 1791 1292 1847 langermannu'm
1312 1790 1357 1830 in
1378 1790 1552 1832 concin-

95 1847 237 1888 nanda
285 1849 381 1888 uins
398 1852 486 1890 loci
508 1850 787 1891 distinctione
804 1866 895 1890 sum
918 1860 1112 1890 secutus.-
1144 1863 1232 1888 non
1262 1847 1552 1902 tamen-eieci,

94 1907 161 1948 καὶ
180 1903 230 1947 toi
250 1903 384 1959 ὅμοια,
404 1921 510 1962 quae
532 1907 747 1948 addidisse
766 1907 915 1963 potnit
935 1908 1099 1955 Pollux,
1122 1916 1170 1945 ut
1187 1908 1384 1946 lectorem
1407 1904 1554 1946 mone-

95 1972 175 2013 ret,
185 1975 234 2002 ee
246 1975 354 2016 quoe
363 1962 475 2016 apud
483 1965 706 2003 Platonem
719 1964 870 2004 similis
882 1963 1049 2003 farinae
1059 1972 1306 2020 sequuntur,
1316 1971 1554 2016 sequuntur

96 2028 238 2059 eutem
258 2024 414 2062 σκευῶν
428 2037 470 2063 τε
485 2024 752 2063 παντοδαπῶν
770 2022 1003 2076 δημιουργοὶ
1024 2031 1103 2062 ete.
1126 2018 1322 2060 omittere
1341 2033 1446 2059 sese.
1465 2014 1553 2072 Ἑρ.

95 2073 193 2133 γολᾶ
223 2091 269 2124 ος
277 2084 416 2116 sutem
429 2085 473 2117 et
486 2077 710 2133 ἐργολαβεῖν
722 2077 879 2118 dicitur
891 2078 942 2116 de
953 2080 1112 2131 quovis,
1127 2078 1199 2131 qui
1214 2076 1289 2114 sub
1298 2079 1421 2129 pacti
1425 2077 1555 2128 pretii

96 2146 172 2172 eon
201 2135 330 2172 itione
339 2135 639 2185 perficiendum
657 2135 828 2188 aliquid
839 2133 1040 2186 suscipit.-
1070 2134 1109 2173 is
1142 2147 1306 2186 operam
1327 2135 1466 2173 locare
1483 2131 1555 2171 di-

97 2188 209 2228 citur
220 2189 442 2238 Romanis,
462 2193 529 2230 vel
542 2191 667 2230 etiam
680 2205 779 2245 opus
790 2192 994 2239 redimere,
1003 2189 1118 2231 unde
1131 2188 1361 2245 ἐργολάβος,
1376 2189 1418 2228 in
1438 2189 1556 2228 Glos-

97 2248 172 2296 sis,
184 2245 430 2298 redemptor.
469 2246 580 2286 Vide
605 2260 774 2302 quoque
790 2248 975 2287 Festum.
1005 2261 1093 2287 non
1111 2260 1282 2301 possum
1302 2254 1439 2287 autem
1461 2259 1552 2285 non

97 2305 329 2357 elegantem
353 2302 433 2342 tibi
454 2302 533 2343 hac
556 2302 607 2343 de
629 2318 672 2344 re
699 2305 826 2344 simul
846 2314 890 2346 et
911 2318 1017 2345 voce
1036 2307 1177 2344 locum
1195 2302 1407 2343 exhibere
1430 2315 1452 2341 e
1478 2301 1554 2341 Vi·

98 2361 237 2398 truvio
261 2358 336 2400 lib.
365 2374 427 2400 xx.
458 2374 549 2414 cap.
582 2358 620 2401 5.
655 2362 787 2399 Hiero
817 2364 947 2412 enim,
978 2375 1086 2416 quae
1110 2369 1210 2400 sunt
1243 2360 1335 2413 ipsa
1360 2359 1555 2398 Vitruvii

98 2413 240 2465 verba,
285 2415 509 2468 Syracusis
537 2426 692 2456 auctus
716 2418 835 2470 regia
863 2425 1092 2470 potestate,
1136 2417 1254 2455 rebus
1287 2417 1382 2454 bene
1408 2417 1554 2467 gestis,

100 2484 193 2510 cum
222 2485 396 2510 auream
417 2488 611 2512 eoronam
644 2475 831 2512 votivam
851 2472 956 2516 Diis
976 2473 1285 2513 immortalibus
1308 2474 1354 2509 in
1373 2470 1556 2523 quodam

89 2526 200 2580 fano
221 2530 500 2569 constituisset
514 2530 764 2582 ponendam,
793 2532 968 2570 immani
979 2533 1117 2583 pretio
1139 2530 1297 2567 locavit
1303 2526 1556 2582 faciendam

100 2592 141 2621 et
172 2597 324 2622 aurum
354 2586 416 2624 ad
438 2601 608 2626 sacoma
635 2587 836 2638 appendit
863 2588 1129 2639 redemptori:
1158 2589 1215 2641 τῷ
1235 2581 1453 2641 ἕργολοὶβῳ,
1482 2586 1557 2637 qm·

97 2640 210 2679 hane
232 2639 454 2691 fabricam
482 2643 749 2696 suscipiebat.
797 2645 892 2700 lege
920 2657 1118 2701 quoqne,
1150 2642 1229 2693 sis,
1260 2641 1362 2681 libri
1382 2641 1555 2696 septimi
