1664 3016
136 143 222 188 802
721 138 1002 184 v111.124.

140 253 233 297 neri
258 250 371 307 apud
403 251 609 292 Romanos
636 250 865 293 dissimiles
895 252 1031 294 fuisse
1059 262 1188 308 puto,
1218 252 1292 310 qui
1323 252 1598 294 fatidicorum

139 327 188 353 ac
219 320 361 349 vatum
387 308 514 349 effata
549 310 770 364 incognita
795 310 1199 364 interpretabantur.
1239 310 1433 351 meminit
1462 310 1600 350 Cicero

140 368 192 409 de
216 368 323 420 Leg.
349 364 447 406 libr.
468 366 527 405 ΙΙ.
587 368 706 407 Alias
738 366 1011 419 dirimendis,
1039 382 1147 422 quae
1176 381 1241 408 res
1274 366 1504 424 tangebant
1524 381 1600 408 sa·-

140 438 245 476 cras,
273 422 422 462 litibus
445 422 671 477 pontifices
697 423 919 475 vacabant,
950 424 1281 479 interpretandis
1302 439 1404 465 vero
1426 434 1598 479 porten-

138 482 194 521 tis
224 479 327 534 prod
336 479 490 535 igiisve
524 494 703 536 augures
739 480 1050 521 adhibebantur
1070 491 1144 522 aut
1165 483 1394 536 aruspices.
1441 482 1512 522 De
1531 480 1599 520 his

139 551 240 580 vero
263 539 470 605 ἐξηγηταῖς
488 550 573 576 rem
590 537 825 578 confecerit
854 538 1120 590 Theophrast.
1151 537 1347 579 Charact.
1376 538 1478 578 Eth.
1505 551 1598 591 cap,

144 609 204 647 ¹7.
235 593 304 637 καὶ
331 591 399 637 ἰοῖν
429 595 506 648 μῦς
532 591 713 637 θυλακον
738 592 919 648 ἀλφίτων
951 593 1154 651 dameam,
1183 594 1285 650 πρός
1315 612 1388 639 rou
1400 594 1600 667 ἐξηγηὶήν

134 649 282 701 ἐλθών,
309 652 462 705 ἐρωτᾷν
483 653 521 694 τί
539 650 613 705 χρή
636 653 787 695 ποιεῖν·
818 651 864 691 hi
888 652 1089 692 dicuntur
1105 654 1346 719 ἐξηγεῖσθαι
1361 649 1411 695 τοὶ
1433 655 1598 706 τέρατα,

137 708 250 749 unde
270 718 313 748 et
332 708 507 775 ,τεράτων
529 710 732 763 ἐξηγηται,
765 718 806 750 et
823 721 885 750 est
905 708 989 749 hoe
1016 709 1168 748 verbi
1159 725 1202 748 in
1226 710 1307 749 ista
1325 723 1372 750 re
1392 723 1496 749 usus
1516 709 1599 749 fre-

137 765 429 834 ςυοιιῐίεοίιιιί,
459 765 604 834 itaque
635 769 849 821 eleganter
878 767 1095 807 Arrianus
1123 768 1263 819 Epiet.
1290 765 1365 809 lib.
1399 766 1525 806 11.o.
1560 781 1597 818 7.

135 821 208 866 οὐκ
235 821 315 879 ἔχω
344 840 412 866 τον
438 840 586 875 μαντιν
617 822 698 866 ἔσω
721 833 800 865 etc.
840 822 907 866 τόν
927 820 1193 877 ἐξηγούμενον
1211 821 1264 866 toi
1287 825 1433 879 σημεῖα
1456 819 1600 877 ἄμφο-

134 881 277 934 η’ρων.
324 879 567 920 nominavit
592 894 764 949 quoque
795 881 947 920 Noster
969 880 1164 934 superius
1197 879 1428 932 V11‚188
1453 881 1599 936 ἐξηγη-

134 935 222 987 wic.
251 935 304 976 ad
337 951 460 991 quem
487 939 628 977 locum
654 955 748 987 τους
775 937 985 993 ε’ξηγητεάς
1017 939 1275 993 Τελμισσέων
1301 951 1356 979 ex
1384 938 1598 1008 Herodoto

134 993 311 1034 adducit
345 995 681 1046 langermannua
707 1005 862 1035 noster.
913 994 1016 1034 hinc
1044 1004 1086 1034 et
1120 996 1320 1048 Lampon
1347 992 1516 1049 μάντις,
1549 992 1599 1036 ὃν

132 1045 326 1119 ἐξηγητην
354 1050 537 1102 ἐκάλουν,
571 1051 715 1106 inquit
747 1052 1000 1091 Sclzoliastes
1027 1053 1245 1105 Aristoph.
1272 1050 1324 1091 ad
1357 1052 1468 1095 Nub.
1500 1065 1596 1106 pag.

135 1106 230 1150 552.
256 1107 551 1160 prodigiorum
572 1111 815 1160 interpretes
845 1108 958 1147 dixit
995 1107 1038 1148 V
1035 1110 1140 1151 aler
1174 1111 1355 1152 Maxim.
1383 1108 1464 1150 lib.
1492 1108 1528 1150 I.
1559 1122 1597 1146 e.

134 1163 174 1206 6.
205 1163 461 1218 eosdemque
482 1178 675 1217 augures.
733 1164 952 1204 Existimo
974 1174 1112 1206 autem
1135 1169 1361 1220 plerasque
1391 1165 1598 1205 Graeciae

135 1221 333 1262 civitates
360 1219 558 1274 publicos
592 1221 790 1262 habuisse
817 1220 1031 1277 ἔξηγητοῖς,
1079 1221 1196 1276 quod
1237 1236 1291 1263 ex
1323 1220 1597 1277 antiquitatis

132 1277 328 1347 vestigiis
350 1291 438 1317 non
465 1276 656 1318 obscuris
676 1279 877 1334 colligere
895 1278 1012 1320 licet.
1065 1280 1270 1319 Forenses
1294 1289 1434 1320 autem
1460 1281 1598 1333 ἐξηγη-

131 1332 204 1384 τοῖς
234 1336 421 1388 appello,
453 1335 527 1388 qui
556 1337 671 1390 leges
701 1335 994 1388 exponebant,
1027 1335 1376 1402 sciscitantesque
1410 1336 1596 1376 consilio

132 1390 355 1442 iuvabant,
370 1391 484 1446 quod
503 1401 647 1445 aperte
667 1406 719 1432 ex
730 1392 1038 1431 Demosthene
1026 1407 1071 1431 m
1093 1406 1140 1433 ea
1159 1391 1359 1434 adversus
1385 1393 1599 1444 Euergum

134 1447 376 1502 intelligere
412 1448 540 1500 licet3
601 1458 643 1489 et
683 1458 795 1489 recte
833 1449 1040 1503 interpres
1082 1450 1410 1490 Iurisconsultoa
1446 1449 1597 1499 vertit,

132 1506 293 1562 quippe
317 1505 390 1559 qui
421 1503 472 1544 de
495 1506 593 1546 Iure
623 1504 955 1560 responderent,
987 1506 1119 1546 sicuti
1149 1505 1597 1562 §gnymol'Athenien-

131 1577 211 1604 ses.
252 1562 484 1615 ἐξηγεῖσθαι
508 1577 606 1602 vero
634 1562 855 1612 Romanis,
891 1563 939 1602 de
971 1565 1061 1602 iure
1080 1564 1323 1615 respondere
1349 1565 1418 1604 vel
1435 1576 1597 1615 respon-

131 1622 278 1667 sitare,
310 1632 395 1673 quo
415 1618 547 1659 modo
572 1628 615 1660 et
638 1634 835 1672 responsa
860 1622 1102 1674 aruspicum
1120 1619 1233 1673 apud
1263 1621 1346 1660 Iul.
1370 1619 1597 1672 Obsequen-

132 1687 229 1727 tem,
259 1686 301 1716 et
322 1675 491 1729 saepius
513 1691 694 1730 augures
713 1677 974 1730 respondisse
990 1678 1184 1732 legimus.
1243 1676 1311 1716 Ita
1337 1675 1450 1731 apud
1490 1677 1598 1714 Pta-

132 1742 266 1773 tonem
297 1733 615 1786 Eutltypbronis
643 1743 763 1788 pater
792 1735 942 1790 πέμπει
962 1734 1090 1787 ἄνδρα
1127 1732 1373 1787 πευσόμενον
1392 1731 1596 1787 ἐξηγητοῦ,

133 1805 181 1830 ex
206 1791 505 1829 lansconsulto
529 1794 830 1844 quaesiturum,
862 1790 966 1844 quid
990 1799 1100 1830 esset
1119 1804 1172 1830 ex
1192 1790 1358 1846 legibus
1385 1788 1596 1845 agendum

133 1861 227 1887 cum
258 1860 380 1887 servo
417 1846 461 1886 in
492 1848 663 1888 foveam
694 1861 716 1887 a
749 1861 793 1888 se
824 1848 1047 1899 coniecto,
1098 1847 1172 1914 qui
1204 1848 1334 1886 alium
1367 1845 1594 1887 occiderat.

133 1904 279 1943 Imeus
323 1906 418 1957 περὶ
445 1905 518 1945 τοῦ
556 1907 745 1958 Χίρωνος
779 1903 951 1957 κλήρου·
995 1900 1190 1972 ἐξηγητην
1215 1899 1428 1958 ἐρόμενος·
1469 1916 1595 1957 quem

130 1963 273 2000 locum
294 1959 440 1999 innuit
461 1963 751 2014 Harpocratio
779 1962 824 2000 in
847 1956 1055 2015 ἐξηγητής·
1088 1960 1200 2015 apud
1230 1975 1324 2001 eum
1355 1972 1457 2001 vero
1489 1962 1596 1999 male

131 2019 352 2071 faciamve,
385 2016 499 2069 quod
533 2018 616 2057 iam
639 2018 690 2058 ab
723 2017 818 2057 aliis
840 2019 1066 2058 monitum.
1111 2018 1309 2059 videntur
1329 2030 1500 2074 quoque
1525 2018 1595 2056 le-

132 2087 230 2129 gum
250 2072 447 2112 doctrina
470 2072 705 2126 discipulos
724 2075 948 2115 imbuisse.
980 2074 1024 2115 id
1049 2085 1162 2116 certe
1180 2084 1229 2114 ut
1248 2083 1482 2114 statuamus
1499 2086 1592 2112 sua-

132 2129 235 2169 dent
255 2129 495 2182 Etymologi
515 2131 665 2172 verba:
695 2130 921 2201 Ἐξηγηταῖ,
953 2137 993 2176 οῖ
1024 2149 1116 2182 τους
1134 2129 1284 2187 νόμους
1305 2133 1387 2181 τοῖς
1404 2129 1595 2185 ἀγνοοῦσι

131 2183 411 2236 διδασκοντες,
453 2188 522 2229 καὶ
553 2186 884 2239 υποδεικνύοντες
910 2191 1003 2245 περὶ
1039 2188 1310 2244 ἀδικήματος,
1347 2186 1397 2231 οὗ
1424 2191 1592 2236 ἕκαστος

129 2260 341 2300 γραφεται.
383 2245 506 2283 Hanc
530 2254 667 2285 autem
687 2247 881 2300 ἐξηγητῶν
903 2246 1223 2287 distinctionem
1246 2259 1383 2286 veram
1406 2242 1591 2298 quidem,

132 2309 408 2355 veterumque
427 2302 682 2342 auctoritate
702 2304 922 2355 munitam,
953 2303 1190 2357 neglexisse
1213 2316 1337 2357 saepe
1358 2299 1590 2355 deprehen-

131 2357 292 2396 duntur
326 2366 408 2396 tam
444 2367 604 2399 veteres
639 2373 763 2426 quam
796 2361 1052 2402 recentiores
1087 2361 1259 2411 Crine-1¹,
1289 2373 1342 2398 an
1369 2367 1505 2404 recte,
1535 2371 1590 2396 ex

129 2413 198 2453 his
228 2413 453 2455 iudicabis.
524 2417 635 2456 Mox
665 2413 923 2468 διδασκοντες
953 2432 1050 2457 cum
1082 2417 1273 2457 Kuelznio
1305 2428 1359 2455 ex
1387 2414 1509 2455 MSS·
1541 2413 1590 2452 ist

129 2480 294 2510 textum
316 2471 456 2510 retuli.

233 2524 498 2596 δικάζοηες.]
550 2527 650 2570 MS.
691 2526 960 2580 διδάσκοντες.
1019 2532 1120 2572 SEB.

238 2580 472 2634 δικάζοντες
490 2587 511 2639 ]
575 2587 624 2627 C·
662 2588 713 2626 A.
761 2589 934 2640 melius,
991 2586 1257 2651 διδάσκοντξς·
1315 2587 1590 2636 interpretum

127 2639 238 2680 enim
261 2652 350 2681 erat
366 2641 531 2695 docere,
547 2642 701 2699 quibus
717 2645 847 2684 sacris
865 2644 983 2686 fieret
1002 2643 1250 2700 procuratio
1272 2650 1587 2697 portentorum,
