1664 3016
176 112 259 152 672
771 107 893 148 wll.
951 113 1017 152 62.

257 228 259 230 ’
288 218 407 263 ὁπότε
428 220 489 267 τὶς
511 218 603 262 ἕντ.
629 222 718 272 δημ.
742 228 822 260 etc.
835 220 849 272 ]
890 221 954 260 Ita
979 220 1080 262 MS.
1103 216 1168 275 ἦν,
1199 219 1229 274 η’
1246 218 1324 265 ἆπό
1351 224 1542 263 δικαστων
1559 222 1622 264 ἕπι

177 278 331 330 ξενικὸν
355 273 632 329 δικαστηριον,
665 272 781 317 ὁπότε
807 278 868 324 τὶς
884 277 972 318 ἔντ.
1002 280 1036 319 δ.
1062 278 1092 319 ἕ.
1120 280 1166 320 τί.
1207 281 1334 333 longe
1358 281 1476 331 plura
1500 291 1621 332 quam

174 337 333 388 vulgoz
370 332 441 373 sed
468 331 580 370 haud
603 331 873 373 intrudenda.
905 344 1207 373 exerraverunt
1225 335 1336 374 enim
1351 332 1511 373 scribae
1525 348 1621 374 ocu—

176 391 208 430 li
232 391 274 427 in
298 389 378 427 ista
408 402 514 441 quae
537 387 716 427 inferius
737 387 864 427 habes
889 387 972 428 fine
991 403 1116 444 segm.
1134 405 1246 447 sequ.
1275 404 1351 445 par
1371 387 1533 445 σφάλμα
1549 403 1624 430 no-

177 445 350 485 tabam·
338 459 383 483 m
404 445 500 484 MS
523 458 648 496 supra
673 443 1051 498 segm.46.1uno,

288 501 406 558 λέγῃ]
436 499 534 541 MS
554 501 635 554 λέγε
639 517 662 542 ι.
722 506 802 541 San.

288 559 416 613 λέγῃ]
447 557 537 596 MS.
557 558 682 611 λέγον
714 555 756 598 τό
779 555 941 626 πράγμα
964 567 1041 598 etc.
1079 557 1168 600 vid.
1186 569 1227 599 et
1245 558 1624 614 Harpocrationem

178 617 222 655 in
253 615 545 667 ἐνεπίσκημμα,
583 614 649 655 καὶ
672 611 1036 666 ἐνεπισκήψασθαι·
1074 629 1126 654 ex
1151 629 1234 668 quo
1254 615 1357 656 haec
1378 619 1522 657 saltem
1541 615 1625 656 ad-

178 671 360 712 scribexe
381 669 518 710 lubet·
550 670 628 711 ἐστι
654 670 720 711 δὲ
711 672 777 712 και
796 670 912 725 λόγος
930 673 988 719 τὶς
1003 669 1339 726 ἐπιγραφόμενος·
1360 674 1625 743 Δημοσθένης

179 731 253 780 (an
287 726 592 780 Δημοσθένους,
637 726 804 765 sublato
829 738 987 780 puncto
1011 728 1276 795 praeposito.
1270 727 1302 777 Ρ)
1334 727 1435 784 πρὸς
1455 731 1624 799 Κριτίαν

175 785 266 837 περὶ
287 789 360 826 τοῦ
390 782 746 836 ἐνεπισκήμματος·
779 782 825 825 ὃν
857 786 1103 852 Καλλίμαχος
1123 779 1232 836 μὲν’
1209 785 1432 839 αναγράφει
1449 783 1502 835 ὦς
1518 784 1625 840 γνή-

178 857 289 893 σιον,
319 837 538 889 Διονύσιος
559 840 601 882 δὲ
624 837 644 882 6
673 837 1009 895 Λλικαρνασσεῦς
1039 857 1094 889 ως
1117 843 1458 896 ψευδεπίγραφον.
1515 849 1623 883 Iuno.

868 902 935 941 52

291 953 658 1006 ἐπιδεδικασμένον]
688 954 818 1002 Eum,
852 956 922 1007 qui
939 954 1023 993 sibi
1043 952 1233 993 vindicat
1251 953 1487 1007 ἐπίκληρον,
1515 963 1555 993 et
1578 954 1627 993 de

177 1025 227 1051 ea
251 1013 395 1079 litigat
413 1025 506 1048 cum
522 1007 636 1049 aliis.
694 1016 845 1049 KUEHN.

290 1062 574 1120 ἆπρόσκλητοι]
604 1066 817 1104 Demosth.
842 1075 988 1105 contra
1008 1065 1221 1105 Μίιίὶαηι.
1251 1063 1325 1136 τὴν
1345 1065 1414 1118 μὲν
1435 1063 1537 1108 κατὰ
1554 1069 1628 1109 τοῦ

179 1127 382 1177 διαιτητοῦ
399 1127 559 1192 γνῶσιν,
591 1139 644 1171 ην
661 1120 937 1175 ἀπρόσκλητον
954 1121 1248 1173 κατεσκεύασεν,
1269 1120 1386 1172 αὐτὸς
1406 1125 1549 1175 κυρίαν
1559 1120 1626 1165 αὖ·

175 1186 234 1252 τῷ
251 1182 479 1233 πεποίηκεν,
510 1177 562 1232 ’ἣν
586 1180 627 1221 δὲ
648 1176 768 1228 αὐτός
789 1179 940 1232 ὤφελεν
958 1179 1056 1231 ἐμοὶ,
1087 1181 1365 1232 προσκληθεὶς,
1398 1178 1525 1230 εἰδως,
1551 1196 1626 1222 ουκ

177 1235 388 1283 απαντῶν,
421 1235 575 1287 ἄκυρον
593 1241 719 1277 ποιεῖ·
759 1250 857 1290 ergo
878 1245 964 1274 erat
985 1233 1247 1289 πρόσκλησις,
1280 1238 1391 1301 δίκης
1411 1234 1626 1291 καταβολὴ,

174 1297 359 1347 primum
379 1292 493 1345 quod
512 1292 749 1330 iaciebatur
773 1306 924 1330 causae
939 1291 1258 1342 fundamentum
1278 1300 1318 1330 et
1340 1294 1521 1343 inicium,
1535 1293 1626 1332 sine

179 1364 265 1404 quo
289 1363 376 1389 non
394 1358 482 1388 erat
506 1347 761 1410 εἰσαγώγιμος
782 1348 824 1386 in
849 1347 1077 1398 iudicium,
1108 1349 1198 1387 litis
1219 1348 1382 1388 scilicet
1399 1348 1628 1388 denuntia-

177 1406 241 1445 tio
266 1420 341 1460 per
364 1409 574 1460 κλητῆρα,
606 1416 647 1444 et
677 1405 751 1442 ubi
781 1404 877 1443 talis
899 1381 1168 1443 denuntiatio
1197 1413 1239 1444 et
1260 1404 1436 1444 vocatio
1458 1404 1508 1444 ad
1533 1419 1627 1444 ma—

178 1462 400 1517 gistratum
433 1475 518 1501 non
552 1460 742 1500 adhibita
775 1461 932 1510 fuerat,
973 1462 1060 1514 δίκη
1088 1457 1359 1528 ἆπρόσκλητος
1385 1470 1484 1502 erat.
1517 1460 1627 1502 unde

177 1533 314 1588 saepe
323 1517 644 1587 coniunguntur
660 1522 856 1568 προσκαλε
859 1515 1030 1569 σαμενος
1051 1527 1091 1556 et
1107 1514 1370 1586 γραψάμενος.
1426 1524 1571 1557 ΚσΕΗΝ.

290 1571 584 1629 απρόσκλητοι]
634 1556 729 1615 MS.
768 1572 1007 1626 πρόσκλητοι
1034 1575 1137 1615 δίκαι
1167 1589 1243 1627 pro
1288 1569 1555 1627 απρόσκλητοι
1588 1576 1626 1616 6.

176 1632 332 1670 Verum
362 1633 577 1684 vulgatum
609 1644 695 1669 non
726 1641 905 1670 mutem:
951 1629 1141 1680 respexit
1169 1630 1280 1682 enim
1315 1629 1366 1668 ad
1393 1630 1487 1668 illas
1517 1631 1629 1678 δίκας

176 1686 337 1736 ἀτελεῖς,
371 1685 464 1728 όταν
485 1688 544 1735 τὶς
565 1686 624 1755 μὴ
642 1688 966 1755 προσκαλέσοιτο.
1002 1687 1214 1725 ΒεηιοειΙι.
1234 1683 1337 1739 πρὸς
1356 1684 1629 1739 Νικόστρατον

177 1743 289 1798 apud
312 1744 552 1782 Budaeum:
577 1741 599 1784 6
613 1739 869 1812 Ἀρεθούσιος
885 1738 1158 1795 απρὸσκλητόν
1175 1759 1252 1795 μου
1265 1744 1355 1784 δέκα
1377 1745 1559 1796 δραχμῶν
1571 1745 1628 1785 δί·

177 1818 255 1854 κην
278 1798 656 1851 καταδικασάμενος,
689 1817 743 1848 ως
759 1795 970 1848 ὀφείλοντα
987 1802 1042 1853 τῷ
1063 1802 1250 1869 δημοσίῳ
1257 1803 1453 1853 κλητῆρας
1471 1800 1628 1855 ’ἐπιγρα-

175 1857 372 1910 ψάμενος.
402 1856 660 1907 Hesychius.
693 1853 966 1924 ἆπρόσκλητος
996 1858 1108 1908 δίκη,
1146 1873 1172 1907 η
1199 1873 1252 1908 μη
1270 1860 1440 1923 τυχοῦσα
1463 1873 1542 1898 των
1561 1873 1627 1897 κα·

176 1914 383 1966 λουμὲνων
419 1909 622 1965 κλητόρων
645 1929 746 1953 κατα
771 1910 841 1954 τὸν
870 1910 1015 1964 νόμον,
1047 1914 1112 1953 καὶ
1139 1910 1204 1953 δια
1226 1916 1341 1954 τοῦτο
1361 1907 1435 1954 οὔκ
1453 1928 1506 1966 ην
1527 1915 1628 1955 εἷσα-

176 1986 362 2024 γωγιμος.
394 1967 482 2007 vid.
507 1977 549 2007 et
579 1968 957 2020 Harpocrationem
987 1978 1028 2009 et
1056 1962 1412 2023 Etymologicum
1418 1969 1464 2008 in
1490 1973 1629 2023 κλητῆ-

177 2042 255 2080 ρες.
314 2031 421 2064 IuNG.

287 2078 516 2134 πρόκλησις]
555 2079 602 2119 C.
626 2079 943 2134 Α.προ’σκλησις.
977 2081 1125 2121 melius
1143 2083 1375 2136 vulgatum.
1407 2079 1627 2120 vid-Suid.

177 2138 223 2177 in
244 2136 324 2176 hac
344 2150 448 2176 voce
469 2150 521 2175 ex
548 2138 902 2188 Harpocratione.
935 2136 1151 2191 πρόκλησις
1163 2137 1402 2176 adversario
1422 2137 1629 2176 offerebat

177 2193 492 2242 conditionem,
526 2206 632 2244 quae
657 2193 726 2231 liti
748 2193 872 2232 finem
895 2195 1065 2234 faceret.
1097 2209 1162 2233 ex.
1187 2208 1247 2247 gr.
1267 2201 1469 2234 torturam
1483 2193 1628 2244 fami-

176 2252 279 2300 liae,
318 2249 634 2294 iusiurandum,
681 2250 901 2289 arbitrium
932 2260 1011 2290 etc.
1056 2250 1092 2289 si
1123 2263 1266 2290 servus
1299 2248 1547 2301 poscebatur
1575 2248 1629 2288 ad

178 2306 484 2361 quaestionem,
517 2303 670 2342 subiici
694 2306 855 2345 solebat
878 2308 1056 2346 formula
1079 2305 1289 2345 cautionis
1310 2303 1360 2344 de
1381 2305 1628 2374 praestanda

176 2361 471 2402 indemnitate.
501 2358 569 2402 ἐάν
587 2378 623 2402 τι
642 2360 815 2414 πηρώσω
834 2381 874 2418 γε
897 2366 958 2405 σοὶ
982 2362 1051 2405 τὸν
1076 2365 1200 2403 παῖδα
1220 2359 1390 2411 τύπτων,
1418 2357 1630 2415 ταργύριον

177 2419 243 2460 σοὶ
262 2420 445 2465 κεισεται,
476 2419 516 2455 εἰ
539 2431 622 2468 qua
642 2432 802 2456 servum
814 2420 1060 2458 verberando
1080 2418 1287 2467 claudam,
1322 2432 1497 2468 coecum,
1527 2420 1630 2456 alio-

174 2489 223 2515 ve
242 2474 414 2512 membro
440 2475 632 2511 mutilam
645 2474 803 2525 secero,
836 2485 1055 2530 argentam
1073 2475 1148 2513 tibi
1171 2476 1246 2513 erit
1255 2483 1488 2526 promptum
1500 2488 1630 2525 para-

177 2539 286 2582 tum,
318 2529 500 2581 pretium
522 2529 686 2568 scilicet
709 2533 832 2572 servi.
865 2533 936 2572 sed
958 2545 1080 2584 saepe
1105 2541 1244 2580 actm,
1277 2543 1362 2568 non
1392 2529 1629 2582 accipiente

177 2600 250 2627 reo
269 2586 452 2626 delatum
479 2585 778 2639 iuramentum,
811 2603 975 2630 causam
999 2587 1226 2628 deserebat.
1284 2592 1431 2627 Kumm.
