1664 3016
665 107 785 148 VIII.
844 110 913 150 89.
1433 109 1516 148 707

66 238 131 268 σιν
147 221 398 265 advertisset
422 219 629 261 mendam.
660 218 733 260 sed
755 224 887 273 φῶσιν
914 217 1180 259 scribendum
1203 227 1244 259 et
1263 219 1516 258 Demosthe-

66 295 137 320 nen
153 278 296 329 hibet,
328 278 404 318 ubi
427 279 471 320 ἐν
488 282 549 319 τω“
582 275 684 331 πρὸς
704 274 979 331 Μακάρτατον
997 277 1084 327 περὶ
1105 280 1181 318 τοῦ
1189 272 1349 331 Ἀγνίου
1366 275 1516 329 κλήρου

64 351 155 377 non
171 338 299 390 longe
322 348 344 374 a
365 333 471 386 fine,
503 322 554 373 de
578 333 661 372 hoc
690 331 832 373 officio
850 332 1083 372 Archontis
1105 332 1163 370 ita
1180 334 1315 387 legem
1337 333 1515 375 recitat.-

65 391 90 436 ὅ
108 391 240 447 ἅρχων
265 392 525 443 ἐπιμελείσθω
551 396 628 432 τῶν
645 386 852 444 ὀρφανῶν,
884 391 948 431 καὶ
971 393 1048 430 τῶν
1070 386 1321 442 ἐπικλήρων,
1349 390 1515 431 καὶτῶν

67 451 191 493 οἴκων
208 452 287 490 τῶν
303 448 636 502 ἐξερημουμένων,
650 448 809 493 καὶτῶν
830 451 1044 501 γυναικῶν,
1061 442 1149 487 ὅσαι
1164 445 1354 499 μένουσιν
1373 446 1415 488 ἐν
1431 453 1516 496 τοῖς

66 507 195 556 οἴκοις
209 508 292 547 ταῖν
313 500 472 558 ἀνδρῶν
497 507 577 546 τῶν
606 502 879 557 τεθνηκότων,
921 501 1152 556 φάσκουσαι
1181 507 1316 554 κυεῖν,
1352 501 1507 546 τούτων

62 563 330 616 ἐπιμελείσθω.
361 570 440 601 etc.
498 566 611 601 que.

175 619 381 672 φανῶσιν]
413 616 516 659 Cum
539 617 726 657 Kuelmio
745 625 892 657 nostro
913 613 1037 655 fidem
1054 613 1227 669 sequuti
1238 614 1360 660 MSS.
1377 631 1517 658 emen-

64 673 256 717 «lavimus
274 674 320 714 in
338 684 458 714 textu
476 679 618 726 φῶσιν.

53 783 60 788 .
174 731 308 772 Recte
333 729 426 772 MS.
454 735 625 786 τελευτῇ.
682 729 933 786 Legendum
974 727 1122 777 etiam,
1159 730 1203 770 αἳ
1223 724 1277 771 ἂν
1307 726 1516 784 φάσκωσιν

63 782 138 832 ’ἐπ’
154 786 305 843 ἇνδρός
327 793 488 842 τελευτῇ
504 785 626 830 κύειν.
683 794 797 827 Τοσι».

173 845 420 899 ἐκμισθοῦν]
451 846 648 898 ἐκμισθοῒ.
705 850 788 886 Sssn.

177 900 423 956 ἐκμισθοῦν]
456 899 478 944 ὅ
496 899 629 957 ἅρχων
659 898 947 954 προεκήρυττε,
974 912 1048 951 per
1061 909 1307 950 praeconem
1332 899 1516 940 edicebat

66 959 292 1000 locandam
320 972 405 996 esse
433 959 543 997 hanc
569 959 636 999 vel
658 960 778 997 illam
807 958 985 996 domum.
1023 955 1285 1007 ἐμισθοῦντο,
1315 955 1515 995 conduce-

66 1017 168 1055 bant
197 1023 358 1063 autem,
391 1018 624 1069 quicunque
650 1022 851 1068 poterant.
911 1017 1051 1054 Imeus
1074 1010 1194 1051 Orat.
1218 1024 1261 1051 v.
1292 1012 1516 1067 elucebant

66 1071 352 1112 communiter
378 1071 460 1125 ipsi
490 1081 652 1111 tutores
678 1068 771 1118 τούς
796 1065 1045 1123 ὄρφανικοῦς
1074 1068 1230 1117 οἴκους,
1269 1077 1343 1107 aut
1375 1069 1412 1107 si
1435 1068 1523 1110 bac'

67 1129 112 1168 in
134 1138 252 1182 parte
272 1127 511 1168 omissiores
538 1125 978 1180 deprehenderentur,
1010 1133 1083 1163 aut
1107 1123 1288 1162 minoris
1306 1127 1517 1166 locassent

66 1199 151 1225 rem
180 1183 458 1238 pupillorum,
493 1193 675 1236 praetor,
706 1181 787 1222 hac
807 1181 858 1222 de
880 1196 923 1222 re
942 1179 1146 1229 monitus,
1178 1189 1343 1219 tutores
1364 1181 1408 1220 in
1431 1197 1516 1237 gy-

65 1255 157 1281 rum
181 1239 314 1280 officii
343 1239 571 1294 redigebat.
603 1239 690 1280 vid.
721 1238 902 1278 Suidam
925 1237 970 1295 in
995 1235 1132 1292 φάσις.
1164 1235 1211 1276 C.
1234 1236 1287 1277 V.
1305 1238 1514 1292 ἔκμισθοῖ·

63 1307 201 1339 recte:
233 1297 382 1337 aloc-at.
438 1301 582 1336 Kumm.

179 1353 430 1407 ἐκμισθοῦν]
470 1353 561 1395 MS.
585 1353 792 1407 ἐκμισθοῖ,
824 1361 874 1391 ut
901 1360 943 1391 et
977 1349 1110 1389 Seben·
1137 1347 1263 1389 credo
1292 1348 1518 1395 babuisse.-

68 1419 110 1451 εἰ
139 1410 203 1450 sic
235 1410 411 1450 omnino
431 1409 699 1449 sctibendum
729 1423 806 1464 pro
840 1411 1016 1462 vulgato
1046 1407 1287 1460 ἐκμισθοῦν·
1317 1408 1516 1462 ἐκμισθοῖ,

67 1467 233 1508 seilicet
261 1463 284 1509 ὅ
315 1464 461 1521 ἅρχων.
529 1467 587 1506 Et
623 1468 703 1507 iam
739 1465 866 1506 redeo
901 1463 953 1503 ad
986 1464 1228 1516 ἐπιμεληταὶ,
1258 1477 1363 1518 quos
1391 1479 1516 1520 supra

64 1523 270 1564 habuisti.
321 1523 513 1577 quamvis
548 1524 660 1563 enim
697 1531 819 1562 antea
851 1534 976 1575 segm.
1010 1519 1077 1575 89.
1115 1521 1356 1572 ἐπιμελητῶν
1385 1522 1518 1563 fuerit

69 1580 254 1629 mentio,
284 1589 327 1620 et
353 1593 457 1620 mox
489 1579 614 1620 etiam
640 1579 927 1633 adiungantur
955 1577 1065 1632 regi,
1097 1576 1267 1616 scilicet
1293 1576 1338 1615 in
1363 1578 1520 1621 sacris.-

66 1637 190 1678 valde
218 1645 356 1677 tamen
385 1650 534 1676 vereor
562 1645 610 1675 ut
636 1635 707 1675 hic
739 1645 898 1674 rectum
923 1633 1030 1672 illud
1057 1634 1303 1687 ἐπιμεληταὶ,
1336 1634 1449 1688 quod
1477 1645 1520 1676 et

68 1693 163 1736 MS.
195 1692 268 1732 hic
296 1692 445 1745 habet3
490 1691 715 1747 legendum
750 1690 874 1731 credo
901 1690 1046 1744 potius
1072 1691 1319 1742 ἐπιμελεῖται,
1354 1691 1519 1732 scilicet

68 1749 91 1794 ὁ
110 1747 265 1803 ἅρχων·
296 1759 343 1788 ut
364 1759 463 1803 post
483 1750 630 1790 eodem
656 1747 783 1788 modo
812 1749 1000 1800 ἐκμισθοῖ
1028 1749 1181 1786 Noster
1205 1747 1278 1787 ait.
1339 1748 1397 1786 Et
1422 1750 1520 1787 De-

67 1807 296 1846 meschauea
328 1807 440 1845 enim
475 1803 496 1848 ὅ
520 1805 652 1860 ἅρχων
673 1806 933 1858 ἐπιμελείσθω
963 1807 1044 1845 τῶν
1071 1808 1277 1858 γυναικῶν
1316 1804 1402 1855 ait,
1441 1819 1519 1845 neo

69 1864 144 1903 ille
167 1860 398 1914 ἐπιμελητὰς
426 1865 537 1902 ullos
572 1865 616 1900 in
650 1877 701 1903 eo
730 1859 873 1901 officio
894 1860 1105 1914 adiungit.
1164 1861 1222 1900 Et
1245 1861 1453 1913 Ulpianus
1473 1860 1518 1899 in

75 1921 382 1958 Timocraeeam
403 1919 716 1970 Demosthenis.-
753 1915 774 1960 ὅ
793 1917 927 1972 ἅρχων
947 1913 968 1959 ὅ
994 1915 1222 1968 ἐνιαύσιος,
1253 1916 1360 1967 ὅστις
1377 1918 1519 1972 ἐπεμε-

67 1981 171 2019 λεῖτο
188 1980 267 2017 τῶν
285 1980 419 2029 χηρῶν
439 1976 507 2016 καὶ
529 1980 608 2017 τῶν
631 1973 822 2028 ὀρφανῶν
839 1976 904 2017 καὶ
928 1973 1057 2016 ἄλλων
1076 1979 1212 2018 τινῶν.
1270 1980 1383 2016 Imm.

182 2032 427 2085 ἐκμισθοῦν]
460 2031 649 2072 Omnino
672 2031 745 2071 hic
775 2047 828 2072 ex
847 2030 974 2074 MSS.
995 2030 1304 2072 restituendum
1320 2032 1520 2086 ἐκμισθοῖ,

69 2103 154 2146 quo
175 2087 303 2128 modo
325 2097 466 2128 textus
497 2087 579 2126 iam
605 2087 747 2128 habet.
787 2087 902 2142 quod
934 2087 1095 2127 cumin
1123 2088 1297 2128 dubium
1327 2089 1521 2128 revocari

68 2155 266 2200 nequeat,
295 2147 408 2184 ultro
436 2144 641 2184 concedas
673 2154 842 2198 oportet
872 2142 979 2184 illud
1013 2145 1240 2199 ἐπιμεληταὶ
1272 2145 1519 2184 mutandum

71 2217 160 2244 esse
198 2216 290 2241 cum
318 2201 628 2255 lang-ermanno
663 2211 810 2239 nostro
848 2202 893 2241 in
930 2202 1180 2254 ἐπιμελεῖται.
1230 2201 1346 2240 illam
1374 2202 1520 2256 itaque

72 2257 409 2299 emendationem
437 2257 587 2296 invitis
610 2257 735 2298 etiam
757 2258 886 2298 MSS.
914 2258 960 2297 in
981 2267 1144 2299 textum
1167 2256 1350 2297 reddidi.

183 2312 419 2366 ἐπώνυμος]
450 2319 522 2356 τοῦ
541 2315 726 2356 ἐνιαυτοῦ
746 2327 804 2354 sc.
827 2313 917 2355 vid.
946 2329 1071 2368 supra
1089 2330 1216 2369 segm.
1238 2312 1305 2354 85.
1362 2321 1463 2354 Iuno.

183 2370 422 2424 ἐπώνυμος]
454 2373 644 2410 Pausan.
669 2370 714 2408 in
733 2371 982 2410 Laconicis:
1010 2373 1078 2413 καὶ
1092 2368 1326 2423 Ἀθηναίοις
1346 2376 1425 2412 τῶν
1446 2388 1522 2413 κα-

71 2428 274 2480 λουμένων
302 2429 416 2470 ἐννέα
444 2426 655 2481 ἐπώνυμος
684 2427 790 2468 ἐστὶν
817 2425 873 2477 εἷς
903 2426 1058 2482 ἅρχων,
1090 2442 1212 2481 quem
1235 2429 1374 2466 locum
1396 2442 1523 2480 prae-

72 2485 188 2538 cepit
219 2484 318 2523 olim
358 2485 573 2523 Meursius
601 2485 692 2524 Att.
714 2483 836 2523 Lect.
867 2483 965 2525 libr.
1000 2499 1042 2528 v.
1084 2497 1173 2537 cap.
1194 2482 1232 2524 5.
1271 2481 1344 2537 ubi
1376 2483 1427 2522 de
1455 2483 1521 2523 his

69 2541 253 2593 aliisque
285 2540 397 2593 apud
427 2540 710 2581 Athenienses
738 2537 964 2593 ἐπωνύμοις
991 2541 1095 2595 agit.
1165 2538 1233 2578 Ad
1266 2538 1384 2589 οὗτος
1411 2538 1518 2580 Clar.

68 2596 432 2650 Falckenburgius
453 2596 604 2637 habet:
637 2592 782 2651 ὀφθεὶς
804 2598 1015 2653 ἐγέγραπτο
1042 2595 1103 2647 οἷς
1124 2594 1178 2650 μή
1196 2592 1218 2637 ὅ
1243 2594 1334 2647 φύς.
1388 2597 1521 2652 Egre-

1110 2666 1252 2717 Yy2
