1664 3016
121 125 204 168 730
725 120 849 161 VIII.
910 125 1002 165 101.

121 249 201 275 tuo
233 232 395 275 Codice
418 230 658 272 emendarat
682 233 742 273 H
764 233 1012 286 Stephanus.
1069 235 1244 276 Scilicet
1274 246 1324 277 ut
1353 236 1511 278 iliud'
1482 255 1582 282 απο-

122 293 291 335 στολέων
322 287 449 328 modo
482 303 608 343 segm.
634 302 700 345 99.
761 291 854 330 Hos
887 291 988 332 hinc
1017 291 1221 338 describit
1250 305 1314 335 et
1323 295 1469 348 Sigon.
1500 296 1578 338 lib.

121 363 185 390 ιγ.
210 348 267 387 de
291 348 385 400 Rep
391 344 574 387 ..Athen
594 360 628 387 c.
650 347 687 388 5.
746 353 848 387 que.
930 385 933 387 .

233 361 458 457 ἐμμήνους]
491 401 538 444 C.
564 403 614 441 A.
645 401 843 457 ἔκμήνους
863 414 941 447 etc.
969 398 1075 458 ἦσαν
1099 405 1143 447 δὲ
1163 405 1333 461 προικός
1351 418 1431 448 etc.
1462 408 1581 461 ἔμπο-

119 479 228 516 ρικαι
257 461 460 509 hamma,
492 462 574 513 leg.
605 461 672 502 καὶ
701 463 905 502 ναυτικαί·
936 462 1115 514 agebant
1144 473 1282 502 autem
1313 465 1364 503 de
1388 465 1502 515 dote,
1531 466 1581 504 de

120 533 218 557 aere
241 519 471 569 collatitio,
502 517 551 554 de
569 525 843 555 mercatorum
872 525 913 556 et
933 521 1201 559 nauticorum
1221 524 1376 565 causis.
1406 521 1492 562 vid
1510 535 1578 562 su-

120 589 195 629 pra
220 588 344 628 segm.
365 571 430 613 65.
489 579 643 614 Kuzrm.

234 628 402 685 προικὸς
430 630 641 684 ἐρανικαὶ]
672 627 764 672 MS.
788 628 980 686 προικὸς,
1012 631 1212 687 ἐρανικαὶ,
1243 630 1329 687 ἓμπ.
1384 634 1446 675 Et
1467 644 1579 676 certe

122 689 183 728 ita
195 686 561 751 ‘distinguendum
594 687 825 737 est,1icet
862 698 947 726 tam
984 690 1186 740 Sigonius
1224 690 1337 730 illam
1380 695 1577 731 voculam

121 743 304 790 omittat,
337 757 462 798 quam
484 743 699 795 Interpres
720 754 879 795 noster,
912 746 985 799 qui
999 745 1091 797 fere
1111 746 1238 786 etiam
1260 747 1576 815 interpretatur,

120 817 174 841 ne
205 815 284 840 nos
313 814 399 838 non
432 801 534 838 satis
560 799 694 839 ludat.
754 801 910 840 Actum
937 802 1102 843 scilicet
1121 812 1163 842 et
1183 800 1323 858 apud'
1329 806 1578 862 Επαγωγέας

90 869 93 872 ·
120 858 247 899 etiam
270 856 321 896 de
343 856 441 897 dote
461 857 604 898 fuerit
661 863 774 898 Iunc.

231 911 433 969 προικὸς]
478 913 674 966 Apposui
704 929 797 952 cum
824 914 1016 953 ΚαεΙιηιο
1051 914 1372 958 distinctionem
1399 931 1579 958 cotuma-

120 971 262 1011 ticam.
296 971 341 1008 in
359 970 489 1009 titulo
513 971 666 1024 capitis
695 972 910 1025 ἐπαγωγῶν
930 981 1028 1010 ante
1049 986 1127 1011 nos
1148 972 1246 1015 fuit.

231 1028 324 1081 περὶ
347 1028 618 1081 νομοθετῶν.]
658 1028 792 1067 Abest
825 1028 977 1067 titulus
1003 1042 1026 1067 a
1057 1028 1103 1068 C.
1123 1029 1175 1068 A.
1207 1029 1255 1072 C.
1274 1030 1324 1072 V.
1355 1031 1450 1072 aine
1470 1046 1544 1087 περ
1547 1032 1577 1082 l,

123 1085 374 1138 Νομοθέται,
405 1092 448 1123 et
465 1098 566 1123 mox
586 1084 722 1124 abest·
754 1084 913 1138 incipit
934 1085 1070 1138 euim,
1098 1088 1218 1141 χίλιοι
1237 1082 1276 1130 δ’
1297 1081 1423 1142 ἦσαν,
1455 1088 1500 1131 ἐν
1515 1049 1581 1140 οἷς

120 1153 202 1183 etc.
228 1148 408 1182 Kuznu.

231 1199 322 1250 περὶ
353 1197 628 1250 νομοθετων.]
668 1197 764 1239 MS.
799 1197 1053 1251 Νομοθὲται,
1083 1197 1177 1239 vice
1202 1200 1336 1252 tituli,
1369 1210 1412 1241 et
1433 1201 1579 1242 statim

120 1254 279 1309 incipit
309 1264 484 1294 tmema:
514 1257 632 1308 χίλιοι
664 1251 702 1296 δ’
735 1249 866 1307 ἦσαν·
907 1255 950 1297 ἐν
973 1253 1034 1305 οἷς
1053 1256 1145 1307 ἐξῆν
1160 1260 1289 1299 λῦσαι.
1349 1257 1471 1312 Quae
1492 1259 1578 1298 ali..

122 1322 326 1365 quantum
355 1310 482 1351 etiam
514 1310 632 1350 aliud
660 1309 833 1362 dicunt,
863 1321 912 1350 ut
941 1326 1029 1351 non
1054 1313 1144 1351 1111
1132 1327 1243 1365 ipsi
1274 1311 1346 1354 ned
1366 1315 1442 1354 alii
1464 1315 1577 1368 apud

119 1369 218 1408 illos
248 1367 411 1407 iudices
441 1367 664 1420 potuerint
691 1370 825 1422 legem
850 1377 1030 1408 veterem
1060 1368 1111 1407 ad
1135 1369 1235 1408 illos
1255 1373 1423 1410 allatam
1446 1372 1578 1412 abro-

119 1440 243 1481 garze
275 1439 353 1465 nec
378 1427 498 1473 male,
535 1423 676 1465 credo.
708 1423 795 1463 vid.
826 1423 876 1464 de
895 1423 962 1464 his
980 1425 1257 1466 Nomothetis
1279 1427 1479 1480 etSigon.
1497 1428 1576 1471 lib.

119 1497 172 1525 11.
191 1481 242 1522 de
249 1483 373 1552 Rep.
404 1482 557 1520 Athen.
579 1496 612 1523 c.
631 1482 669 1522 4.
727 1488 835 1521 Iuno.
1491 1514 1493 1517 .

231 1534 320 1580 ἄλλ’
356 1535 404 1580 οὐ
432 1544 571 1580 θεῖναι
597 1555 635 1580 ν.
648 1538 667 1591 ]
700 1536 746 1579 C.
769 1540 820 1578 A
849 1533 940 1580 ἀλλ’
969 1552 1056 1577 non
1086 1537 1228 1580 habet.
1296 1539 1500 1594 Ulpianuae
1529 1541 1575 1581 in

119 1612 195 1637 111.
227 1594 411 1647 Olynth.
433 1593 486 1634 ad
507 1594 631 1634 verba
654 1595 751 1635 illa:
782 1595 1007 1649 νομοθέτας
1027 1600 1264 1638 καθιστᾶτε·
1299 1597 1342 1638 ἐν
1363 1597 1578 1648 ὄὲτούτοις

116 1659 204 1703 τοῖς
242 1652 482 1706 νομοθέταις
513 1650 566 1706 μή
593 1656 754 1704 θησθαι
759 1650 900 1722 νόμον
919 1652 1094 1720 μηδένα·
1124 1654 1198 1695 εἰσὶ
1214 1670 1289 1709 γαρ
1309 1649 1402 1707 ὑμῖν
1421 1656 1575 1698 ἱκανοί·

118 1708 216 1752 ἀλλὰ
246 1707 343 1758 τούς
369 1711 424 1758 εἷς
462 1708 506 1750 τὸ
536 1707 668 1757 παρὸν
679 1706 945 1778 βλάπτοντας
974 1705 1080 1760 ὑμᾶς
1121 1709 1280 1751 λύσατε·
1323 1713 1575 1766 Νομοθέτης,

120 1767 294 1835 inquit,
330 1767 476 1821 ἐλέγετο
514 1763 615 1821 παρ’
638 1762 772 1815 αυτοῖς
801 1763 909 1808 καὶ
887 1784 907 1809 ο
928 1763 1056 1818 νόμον
1083 1765 1227 1810 καινὸν
1250 1768 1478 1836 εἰσφέρων,
1509 1771 1578 1812 καὶ

116 1823 235 1897 πάλμν
271 1820 294 1865 ὅ
320 1826 470 1875 wolvone
494 1840 587 1871 τους
611 1825 831 1893 νομίμους,
861 1821 969 1878 (leg.
997 1820 1180 1874 νόμους)
1207 1820 1261 1878 μή
1286 1841 1380 1874 πως
1404 1827 1578 1869 ἐναντίοι

116 1881 218 1930 τινὲς
246 1875 433 1932 ἀλληλοις
470 1881 618 1923 ε’λαθον
658 1879 782 1929 ὄντες.
852 1880 1055 1932 Prytanei
1090 1879 1387 1921 convocabant
1417 1895 1488 1922 eos
1523 1882 1577 1922 ad

118 1937 201 1976 hoc
234 1951 408 1976 examen
440 1940 578 1992 legum
609 1937 906 1990 antiquarum,
948 1935 1079 1990 idque
1110 1947 1198 1976 erat
1228 1937 1354 1977 valde
1383 1950 1577 1979 necessa-

116 1993 226 2033 rium
248 2008 291 2031 m
304 1993 540 2046 Republica
555 1993 898 2038 Atheniensium.
930 1992 1006 2031 ubi
1028 1996 1141 2047 leges
1164 1993 1422 2042 cumulandi,
1453 1995 1574 2036 abro-

118 2049 271 2104 gandi,
312 2048 534 2089 sanciendi
566 2049 754 2103 pruritus
786 2059 827 2088 et
856 2052 1084 2100 φιλοκαινία
1110 2049 1453 2092 dominabanturi
1483 2052 1573 2094 vid.

122 2108 293 2145 Sextum
321 2107 581 2157 Empirioum
617 2105 815 2145 adversus
839 2107 1167 2146 Mathematicos
1193 2121 1286 2163 pag.
1317 2120 1383 2159 70.
1424 2107 1499 2146 ubi
1521 2123 1573 2148 ex

116 2164 299 2202 Platone
329 2162 490 2201 Comico
531 2162 782 2218 perstringit
820 2163 1152 2203 Atheniensium
1180 2164 1227 2206 τὸ
1263 2162 1432 2218 νεοχμόν
1462 2165 1574 2204 circa

115 2222 245 2275 leges.
302 2225 446 2261 Kumm.

230 2269 365 2330 οὗτοι]
397 2276 510 2315 Ante
525 2292 639 2318 ουτοι
661 2275 707 2318 C.
730 2276 780 2316 V
804 2275 931 2316 habet
959 2274 1161 2331 πάρεδροι.
1194 2276 1242 2318 C.
1265 2276 1315 2318 A.
1337 2277 1574 2330 praemittit

117 2333 301 2382 titulum,
332 2335 421 2383 περὶ
441 2330 645 2383 φυλάκων.
702 2340 846 2372 KurfflN.

230 2390 369 2442 οὗτοι]
398 2390 493 2430 MS.
524 2404 682 2428 novum
711 2399 862 2429 tmema
883 2388 1029 2438 habet,
1060 2389 1144 2429 hoc
1163 2389 1316 2429 titulo:
1350 2388 1570 2445 Πάρεδροι-

115 2446 241 2486 verba
271 2447 480 2487 tmematis
515 2446 576 2485 ibi
604 2446 842 2499 incipiunt.
875 2441 988 2488 οὗτοι
1016 2445 1319 2499 παρεφύλαττον
1343 2457 1423 2487 eto.
1456 2448 1573 2501 quod

116 2505 311 2556 profecto
344 2503 513 2557 insigne
546 2512 635 2549 est,
677 2518 803 2555 quum
839 2503 918 2542 ista
947 2503 1151 2543 hactenus
1185 2504 1361 2542 confusa
1394 2504 1571 2554 fuerint,

115 2570 155 2599 et
185 2561 326 2599 omnia
359 2560 455 2598 unis
488 2559 750 2599 nomothetis
778 2559 1003 2612 adscripta.
1063 2560 1157 2600 Viri
1191 2559 1306 2600 docti
1332 2573 1380 2600 ea
1403 2560 1574 2601 exami-

116 2616 283 2656 nabunt
304 2616 642 2656 tet-illustrabunt
666 2616 859 2670 amplius.
919 2622 1022 2658 qucv.
