1664 3016
131 146 213 191 774
716 141 840 184 VIII.
902 146 1004 187 116.-

248 254 534 310 παραστίζειν]
564 254 699 297 Prior.
729 253 830 297 edit
862 254 1144 312 παραστήζειν
1204 256 1303 297 Snu-

243 312 520 378 παρασπίζειν]
552 311 721 352 Priores
743 297 956 352 editiones
978 314 1121 364 inepte
1140 310 1422 367 παραστήζειν·
1451 326 1590 354 emen-

135 368 305 408 daverat
337 367 381 407 id
412 368 511 407 vitii
541 367 592 406 ad
623 381 745 406 suum
780 368 982 410 Codicem
1004 371 1246 417 Kudmiue,
1279 378 1590 425 notaveratque

135 423 311 464 eandem
340 425 571 464 lectionem
594 439 646 464 ex
670 425 767 465 MS.
801 426 1171 481 Falckenbnrgius.

244 493 466 547 πρυτανεία
488 494 546 542 δὲ,
577 491 662 535 iim
681 491 835 558 χρόνος,
866 503 946 534 etc.
959 495 973 548 J
1005 493 1104 533 Vid.
1131 496 1393 548 Harpocrat.
1425 495 1470 534 in
1488 511 1588 551 πρυ-

132 551 290 599 τανείας
314 559 357 590 et
378 549 441 588 ibi
463 551 719 589 Maassaeua
741 559 785 589 et
803 550 848 589 in
867 563 962 590 eum
990 550 1199 590 Valesius.
1255 551 1436 592 Kuznu.

242 618 466 672 πρυτανεία
489 619 547 668 δὲ,
586 618 669 661 ἔστι
700 612 862 674 χρόνος,
894 618 1000 671 etc.]
1033 618 1130 658 MS.
1165 633 1237 674 πρ.
1267 618 1316 662 δέ
1331 618 1483 663 ἐστινὸ
1500 615 1589 676 χρό·

131 691 195 725 νος
204 706 219 724 ,
253 686 332 716 etc.
391 675 524 714 Iuno.

241 732 463 796 πρυτανεία
494 733 551 782 δὲ,
582 731 669 774 ἔστι
695 729 857 785 χρόνος]
902 729 1126 771 Videndus
1151 730 1233 771 hac
1267 730 1319 772 de
1342 746 1387 774 re
1406 731 1589 772 Ammo-

132 792 230 829 nius
262 799 306 830 et
343 787 419 846 qui
439 802 535 829 eum
560 788 787 842 exscripsit
814 789 992 828 Thomas
1011 791 1238 842 fflagister.

241 911 448 970 πυρφόρος
476 914 574 962 παῖς
600 910 786 967 ἄρεταῖς]
824 915 875 954 In
900 913 1133 967 Specimine
1160 915 1334 963 lectum,
1364 914 1461 961 παῗς
1475 918 1589 969 αἶρε·

129 990 197 1023 τος
216 974 260 1015 ἐκ
283 968 596 1036 καθαρευούσης
617 973 761 1022 οἰκίας,
798 985 922 1026 quam
939 970 1167 1011 lectionem
1192 969 1332 1009 firmat
1352 969 1400 1013 C.
1435 970 1487 1012 V.
1517 984 1590 1011 en-

131 1029 225 1070 dem
255 1042 412 1068 venere
441 1028 485 1066 in
524 1035 702 1067 mentem
738 1027 865 1067 etiam
896 1028 1086 1067 Heraldo
1113 1027 1158 1066 in
1188 1027 1447 1067 adversariis
1488 1041 1586 1083 pag.

130 1086 225 1127 251.
256 1094 297 1125 et
330 1085 494 1125 Valesio
525 1083 654 1123 Notis
686 1084 731 1123 in
767 1083 811 1124 h.
841 1087 870 1124 1.
930 1084 1070 1125 Nobis
1110 1082 1281 1138 quidem
1309 1085 1441 1124 Plato
1478 1083 1588 1123 hanc

131 1140 471 1183 emendationem
501 1150 780 1195 suggesserat,
815 1150 865 1180 ut
892 1142 968 1196 qui
1000 1140 1072 1184 lib.
1104 1140 1177 1180 VI.
1209 1139 1260 1181 de
1278 1141 1461 1194 Legibus
1481 1154 1504 1180 a
1525 1154 1589 1180 sa·

131 1197 302 1239 cerdote
337 1197 528 1253 requirit,
586 1205 637 1235 ut
665 1197 724 1236 sit
747 1194 965 1266 ὁλόκληρος
998 1207 1040 1237 et
1063 1194 1246 1252 γνήσιος,
1277 1196 1417 1240 ἔπειτα
1449 1215 1505 1247 ως
1523 1196 1589 1240 ὅτι

128 1250 305 1309 μάλιστα
349 1257 394 1296 ἐκ
429 1254 747 1309 καθαρευουσῶν
774 1252 969 1306 οἰκήσεων
997 1264 1078 1296 etc.
1123 1256 1332 1305 imprimis
1373 1262 1422 1293 ue
1455 1257 1514 1294 sit
1539 1268 1589 1292 ex

127 1327 238 1365 pura
257 1308 459 1376 familia.
504 1310 561 1350 ita
589 1310 775 1350 Romani
795 1325 881 1351 non
902 1310 1127 1375 capiebant
1154 1311 1364 1350 Vestalem
1383 1313 1589 1363 virginem

131 1385 185 1409 ex
206 1367 432 1421 inquinata
465 1377 508 1407 et
534 1367 579 1406 in
613 1366 798 1407 sordidis
827 1368 1012 1423 negotiis
1037 1376 1230 1408 versante
1249 1366 1426 1410 familia
1489 1367 1587 1406 Gel-

129 1428 214 1465 lius
248 1424 320 1467 lib.
354 1425 389 1466 Ι.
417 1438 507 1478 cap.
545 1435 608 1464 ι’).
667 1425 789 1466 Noct.
827 1425 968 1466 Attic.
1001 1424 1198 1464 similiter
1231 1423 1345 1478 ignis
1366 1423 1586 1477 petebatur

129 1498 151 1524 e
170 1495 276 1537 pura
297 1480 423 1522 domo
451 1479 502 1520 ad
522 1479 755 1532 sacrificia,
787 1491 835 1521 ut
858 1490 981 1521 notat
997 1479 1209 1520 Proclus
1197 1494 1243 1518 m
1263 1478 1372 1519 illud
1387 1480 1586 1522 Hesiodi:

293 1548 543 1602 καδδύναμιν
571 1546 615 1591 δ
645 1552 772 1604 ἕρδειν
802 1548 883 1603 ἱέρ’
911 1548 1160 1593 α’θανοῖτοισι
1184 1549 1319 1592 θεοῖσι

297 1606 432 1662 ιῖγνῶς
463 1609 534 1649 καὶ
560 1606 772 1661 καθαροῖς.
827 1608 1002 1649 Knmm.

239 1672 452 1732 πυρφόρος
476 1677 572 1725 παῖς
601 1673 794 1729 α’ρειαῖς]
862 1674 945 1715 Hic
976 1687 1076 1714 vero
1116 1682 1302 1713 monstra
1338 1670 1586 1728 σφαλμάτων

130 1735 283 1788 vulgo,
315 1746 464 1797 nempe
494 1726 679 1787 αρεταῖς,
712 1733 855 1781 κακίας
883 1741 961 1773 etc.
992 1729 1064 1770 sed
1092 1730 1293 1796 'optimus
1326 1729 1422 1772 MS.
1460 1730 1586 1770 nobis

130 1789 492 1844 opportunissime
521 1788 751 1835 succurrit,
782 1802 834 1828 ex
865 1801 948 1842 quo
987 1785 1129 1827 omnia
1159 1787 1218 1826 ita
1239 1787 1398 1829 scribe.
1427 1786 1586 1842 πυρᾳό·

127 1864 208 1902 ρος.
236 1847 334 1898 (hoc
354 1861 432 1900 pro
454 1846 583 1886 titulo
603 1845 756 1891 habet,
795 1854 838 1883 et
859 1858 965 1899 quae
988 1853 1228 1913 sequuntur
1249 1843 1464 1899 integrum
1483 1854 1585 1886 tme-

129 1904 293 1944 mation
332 1903 376 1941 in
409 1902 528 1957 MS.)
561 1905 656 1952 παῖς
690 1898 870 1956 αἱρετδς,
901 1902 945 1942 ἔκ
973 1898 1282 1954 καθαρευούσης
1310 1902 1466 1951 οἰκίας,
1505 1898 1587 1944 ὕπο

128 1963 288 2015 χλανίδι
307 1961 376 2002 καὶ
402 1976 524 2012 στροᾳ
534 1962 580 2014 ίῳ
599 1960 849 2014 περιέρχεται
871 1958 953 2015 πῦρ
976 1960 1044 2000 ε’πι
1063 1975 1157 2007 τους
1180 1956 1344 2011 βωμους
1366 1959 1583 2007 ἐπιτιθείς.

127 2019 193 2056 lta
221 2020 330 2056 clare
358 2017 457 2056 MS.
487 2026 529 2056 et
559 2001 623 2055 ⁸nil
654 2010 1312 2069 venius.a1‘9nog.erantenim
1336 2015 1416 2054 alia
1442 2013 1584 2055 officia

127 2068 296 2128 αἱρετα,
331 2072 412 2112 alia
441 2070 640 2126 κληρωταὶ,
672 2081 721 2111 ut
751 2071 954 2112 hactenus
987 2071 1217 2126 aliquoties
1250 2070 1450 2113 habuisti.
1480 2071 1586 2114 ὑπο-

128 2132 337 2187 χλαμυδίῳ
374 2131 592 2184 vulgatum
616 2127 716 2168 inde
736 2128 909 2181 accidit,
938 2128 1053 2183 quod
1076 2128 1178 2168 haec
1197 2128 1297 2167 talia
1318 2142 1440 2167 unam
1461 2129 1584 2183 quasi

132 2202 281 2228 vocem
311 2173 441 2226 scribi
473 2186 518 2224 in
553 2184 645 2226 MS.
682 2186 822 2236 solita,
854 2195 904 2224 ut
934 2185 1137 2225 adnotavi
1172 2183 1367 2254 saepius,
1394 2194 1438 2225 et
1457 2186 1583 2225 etiam

128 2244 203 2284 hic
226 2253 369 2283 noster
389 2239 624 2298 ὖηοχλανίδι
652 2239 846 2285 habebat
907 2241 1067 2281 Omisit
1088 2241 1202 2282 huno
1225 2238 1439 2298 πυρφόρον
1457 2242 1586 2293 Sigo-

130 2304 252 2351 nius,
283 2298 426 2347 cred0‚
457 2309 691 2339 monstrosa
723 2300 811 2338 loci
844 2298 1156 2340 deformatione
1183 2297 1442 2340 absterritus.
1501 2298 1584 2339 Sed

128 2358 288 2398 licetne
322 2355 423 2412 quid
454 2354 613 2410 porro?
653 2355 719 2393 An
750 2365 792 2396 et
825 2355 931 2396 illud
968 2355 1262 2409 proverbium,
1308 2352 1386 2398 εδει
1413 2355 1458 2398 δὲ
1483 2357 1586 2411 μηδὲ

129 2412 343 2467 πυρφόρον
373 2430 426 2467 τῳ
458 2415 622 2456 ἐκείνων
653 2409 755 2467 λόγῳ
781 2415 1086 2468 περιγενέσθαι,
1122 2422 1171 2451 ut
1192 2411 1305 2465 apud
1324 2412 1586 2452 Herodotum

131 2481 322 2510 nostrum
365 2470 527 2509 Urania
555 2483 644 2522 cap.
676 2466 714 2510 6.
745 2469 803 2508 ita
834 2471 978 2524 potius
1006 2467 1304 2523 exponendum
1325 2478 1401 2518 est,
1430 2469 1583 2509 maiori

131 2523 320 2581 ἐμᾳιίσει,
342 2526 505 2567 scilicet
524 2525 794 2574 barbarorum
814 2527 959 2578 verbo,
989 2540 1042 2566 ne
1063 2524 1233 2580 quidem
1261 2524 1457 2565 debuisse
1478 2541 1582 2566 eva-

133 2585 228 2623 dere
260 2599 314 2623 ex
347 2583 601 2623 Graecorum
631 2584 763 2622 classe
798 2587 865 2624 vel
895 2597 1073 2638 puerum
1107 2583 1182 2637 qui
1219 2581 1359 2649 ignem
1408 2583 1585 2623 inferret

133 2640 248 2680 aris?
286 2639 405 2679 Alias
440 2640 552 2681 enim
590 2638 640 2678 de
672 2639 776 2693 ipsis
813 2638 1102 2681 sacerdotibus
1129 2637 1352 2695 πυρφόροις
1369 2640 1584 2694 explicant
