1664 3016
701 102 819 146 VIII.
877 98 945 148 47'.
1466 107 1550 148 653

211 215 357 271 περὶα
389 216 516 269 φοῖν]
554 216 640 256 Hie
664 215 860 257 mendum
894 215 1068 257 videtur
1096 218 1250 268 latere;
1285 215 1370 256 nisi
1394 211 1552 270 ἇμφοῒν

102 272 309 314 referatur
326 233 476 311 mildae
489 286 597 328 quae
612 273 884 326 praecedunt,
907 287 1066 339 nempe
1086 273 1194 326 quid
1209 276 1267 312 sit
1281 273 1478 329 προβολὴ,
1508 283 1552 314 et

101 326 178 370 nbi
190 336 472 382 proponatur;
503 338 548 370 et
571 328 623 368 de
642 339 827 384 utroque
850 330 987 385 egisse
1014 330 1213 383 Lysiam
1201 344 1248 370 ιιι
1270 330 1385 373 Orat.
1403 329 1550 371 adver-

101 398 172 425 sus
208 384 739 427 neosdotidem.1<uans.

210 442 303 495 περὶ
318 437 509 495 timpum]
541 437 697 496 οῗμφοῖν
719 443 857 513 λέγων.
878 459 946 497 πρ.
967 441 1068 485 MS.
1091 443 1272 486 auctius.
1328 449 1434 484 Iuno.

213 498 374 547 Λυσίας
392 499 434 540 ἐν
452 498 538 556 τῷ]
567 499 634 537 An
652 502 786 556 Λυσίᾳ
807 496 851 541 δ’
870 500 914 541 ἐν
932 504 1000 552 τῷ.
1054 506 1135 540 San.

212 556 370 609 Λυσίας
388 555 431 597 ἐν
450 560 507 611 τῷ
501 555 640 625 ’,πρὸς
641 554 751 598 “’.Ιππ
770 557 870 609 etc.]
901 545 999 597 M'S.
1021 557 1170 597 iterum
1197 555 1339 610 priora
1358 566 1549 610 repeten-

102 609 183 652 ἆο·
211 612 367 661 Λυσίας
395 611 437 653 ἐν
461 629 515 682 τῳ
545 610 644 654 κατὰ
676 615 916 656 Θεοδοτίδου
943 612 1034 668 (sic
1053 613 1165 653 enim
1191 613 1272 652 iam
1297 613 1443 664 habet)
1456 615 1552 666 περὶ

101 663 256 723 ἇμφοῖν
276 669 412 723 λέγων,
434 667 535 723 πρὸς
541 665 815 724 Ἱπποκράτην
832 672 909 712 οἰκ.
941 668 1014 708 sed
1036 669 1108 708 illa
1130 686 1230 710 κατα
1251 674 1368 713 Θεοδ.
1385 686 1426 711 π.
1446 671 1550 723 α’μφ.

100 730 135 767 λ.
164 734 272 780 puto
295 739 435 765 errore
456 725 620 765 librarii
639 741 726 766 non
747 736 858 766 recte
876 725 1066 795 repetita.
1105 725 1175 766 sed
1195 726 1384 766 nondum
1408 735 1548 766 tamen

98 783 224 822 locus
255 780 407 821 mendo
433 781 603 822 videtur
633 797 772 823 carere
793 780 858 825 διὰ
881 782 955 836 τὴν
975 779 1226 832 ἀσυνταξίαν.
1288 783 1431 821 Sebero
1452 796 1550 822 nos-

102 847 170 877 tro
196 837 365 878 videtur
393 837 617 892 legendum
645 841 782 895 Λυσίᾳ
810 835 849 881 δ’
871 840 912 880 ἐν
927 844 996 894 τῷ.
1033 837 1140 877 mihi
1165 838 1265 878 olim
1286 839 1423 878 visum
1445 839 1546 887 fuit,

100 907 180 934 nec
210 894 292 932 iam
323 892 522 947 displicet
545 896 762 934 Pollucem
786 895 1025 948 scripsisse:
1066 911 1122 943 ως
1148 897 1307 944 Λυσίας
1330 896 1372 937 ἒν
1391 905 1472 935 etc.
1500 905 1549 934 ut

101 959 212 1001 ante,
229 964 335 1005 quae
352 950 560 1003 particula
583 949 636 1001 ὥς
654 966 676 990 a
697 952 931 1007 negligenti
949 949 1086 990 scriba
1100 951 1251 990 omissa
1270 951 1412 992 fuerit.
1442 957 1545 990 Imm.

213 1005 372 1061 αἰκίας]
410 1005 461 1046 In
495 1006 692 1048 Oratione
708 1017 858 1047 contra
880 1008 1184 1062 Hippocratem
1208 1008 1258 1047 de
1274 1009 1544 1049 contumelia.

101 1063 278 1115 Inter-pr.
298 1064 434 1103 aliter.
490 1069 636 1103 Kumm.

211 1116 240 1173 ἢ
260 1116 566 1190 ἀδικησάντων]
596 1120 799 1160 Desunt'
786 1135 831 1160 ιιι
851 1120 946 1160 MS.
965 1118 996 1174 ἦ
1013 1115 1302 1174 αδικησᾶντων.
1334 1119 1433 1162 dein
1452 1120 1545 1163 MS.

101 1174 230 1215 habet
221 1172 514 1245 ἆσεβισᾶντων
532 1193 574 1218 π.
597 1177 836 1217 variatione
857 1177 1099 1217 creberrima
1121 1192 1180 1217 ea.
1238 1184 1348 1217 IuNe.

210 1229 248 1286 ἦ
260 1228 558 1286 α’δικησᾶντων]
589 1233 698 1273 Vide
721 1234 835 1276 Sam
856 1236 1047 1273 Petitum
1066 1233 1117 1273 ad
1137 1234 1244 1291 Leg.
1268 1235 1400 1274 Attio.
1425 1249 1463 1286 p.
1474 1232 1543 1290 49.

199 1290 302 1344 περὶ
328 1306 399 1338 τας
427 1288 595 1342 ἑορτὰς]
644 1291 813 1342 Ulpian
840 1290 884 1328 in
919 1290 1035 1332 Orat.
1054 1291 1177 1331 Dem.
1197 1301 1343 1331 contra
1364 1292 1547 1330 Midiam

99 1346 180 1390 fol.
205 1346 295 1388 151.
318 1345 498 1415 προβολη
523 1344 597 1401 γάρ
618 1347 768 1390 ἐστιν’
753 1346 880 1401 ὄνομα
903 1349 1015 1402 δίκης
1034 1346 1133 1389 κατὰ
1151 1352 1226 1390 τῶν
1246 1349 1336 1404 περὶ
1354 1346 1428 1401 τὴν
1455 1349 1548 1404 ἑορ-

97 1401 172 1458 τήν
192 1400 453 1446 ἀδικούντων.
513 1409 594 1442 Sm.

212 1461 413 1514 Μειδίου]
426 1460 520 1499 MS
536 1461 717 1515 Μηδίου.
736 1458 808 1502 sed
820 1459 1192 1503 extatoratioxoevo}
1207 1462 1401 1504 Μειδίου.
1432 1466 1544 1502 Iuno.

215 1569 361 1626 Φάσις]
402 1573 474 1614 De
503 1572 623 1627 phasi
646 1573 750 1614 hinc
771 1584 815 1614 et
837 1575 1004 1628 Rhodig
981 1577 1102 1614 ‹rinue
1125 1588 1204 1616 xx.
1227 1574 1364 1629 antiq.
1384 1576 1483 1617 lect.
1504 1588 1545 1630 7.

99 1631 149 1669 ιιι
170 1628 270 1670 vide
291 1630 506 1683 Sigonium
525 1629 603 1671 lib.
626 1647 698 1672 ιιι.
719 1630 771 1671 de
791 1633 898 1685 Rep.
918 1632 1069 1671 Athen.
1089 1645 1180 1685 cap.
1203 1645 1236 1674 ι.
1294 1638 1399 1671 Iuno.

209 1686 375 1756 μέταλλα
394 1696 472 1726 etc.
484 1687 499 1740 ]
530 1688 627 1731 MS.
646 1689 789 1741 μέταλα
807 1697 849 1728 et
869 1687 1075 1742 ἐμπόριον.
1132 1694 1237 1730 Iuno.

209 1743 301 1797 περὶ
327 1740 370 1785 vd
402 1742 617 1798 ἐμπόριον]
656 1745 701 1785 Si
734 1745 900 1785 scilicet
927 1754 1132 1785 mercator
1164 1744 1335 1784 Atticus
1364 1743 1470 1784 alios
1499 1743 1546 1783 in

101 1805 252 1853 portus
283 1813 432 1838 navem
461 1801 776 1841 frumentariam
807 1804 1055 1856 appelleret,
1087 1815 1166 1841 nec
1187 1801 1474 1841 frumentum
1461 1815 1547 1839 un-

100 1862 288 1908 portaret
315 1854 526 1908 Athenas,
554 1871 659 1913 quae
675 1858 904 1898 utebantur
925 1859 1109 1912 plurimo
1133 1858 1346 1898 frumento
1371 1857 1546 1896 aliunde

100 1910 327 1961 subvect03
366 1911 440 1965 qui
471 1911 719 1954 huiusmodi
750 1925 1022 1955 mercatorem
1050 1914 1286 1965 deferebat,
1319 1912 1545 1953 dimidium

99 1965 279 2006 indicati
302 1967 522 2007 auferebat
539 1983 616 2023 pro
638 1971 836 2023 praemio.
867 1972 1081 2011 Demosth.
1106 1969 1205 2013 κατὰ
1224 1946 1468 2027 Θεοκρίνου.
1494 1968 1546 2009 de

101 2023 196 2063 aliis
216 2022 351 2063 modis
368 2028 613 2094 κακουργίας
629 2026 709 2065 iam
731 2041 818 2067 non
840 2028 953 2072 dico.
1010 2035 1154 2069 Kumm.

211 2077 242 2134 ἢ
260 2082 350 2150 περὶ
371 2079 420 2122 τά
438 2082 525 2151 τέλη
547 2092 627 2123 etc.
644 2083 664 2135 ]
702 2083 857 2124 Abesse
885 2085 1010 2125 debet
1035 2086 1126 2138 περὶ
1153 2093 1250 2125 ante
1279 2081 1327 2126 τὰ
1356 2082 1457 2136 τέλη.
1498 2080 1547 2122 C.

101 2137 154 2177 V.
177 2138 267 2192 περὶ
290 2137 337 2179 τὰ
357 2138 444 2191 τέλη
464 2156 491 2192 η
512 2141 716 2193 δημοσίων
732 2141 767 2182 τὶ
784 2140 1163 2196 νενοσφισμένους“
1133 2159 1159 2196 η
1179 2143 1546 2193 συκοφαντοῦντας,

101 2191 132 2249 ἢ
142 2195 242 2264 περὶ
248 2211 345 2244 τους
366 2192 572 2247 ὀρφανοὺς
590 2195 923 2250 ἐξαμαρτάνοντας
940 2199 1123 2252 ἐφαίνετο
1142 2204 1430 2241 etc.Kum1x.

212 2269 240 2305 η
259 2268 350 2307 περι
368 2268 416 2293 τα
435 2252 522 2320 τέλη
540 2262 617 2293 etc.
628 2256 645 2301 ]
687 2251 779 2295 MS.
801 2253 833 2308 η
850 2273 892 2297 π.
914 2273 947 2298 τ.
966 2257 1051 2308 τέλη
1074 2273 1101 2309 η
1119 2273 1198 2298 των
1220 2255 1424 2308 δημοσίων
1441 2253 1546 2293 τίνε-

103 2309 421 2378 νοσφισμένους,
453 2326 479 2360 η
502 2323 592 2350 συκ.
614 2317 730 2347 totus
748 2312 867 2350 locus
889 2313 948 2352 ita
968 2311 1255 2352 restituendus
1274 2309 1439 2349 scilicet
1456 2317 1544 2347 est·

101 2381 128 2417 η
109 2361 237 2418 ”asel
255 2382 303 2406 τα
321 2366 423 2418 τέλη,
452 2362 482 2418 ἢ
497 2370 575 2407 τῶν
591 2367 795 2417 δημοσίων
813 2385 848 2410 τι
864 2370 1227 2421 νενοσφισμένους,
1258 2363 1288 2419 η’
1305 2379 1390 2407 συκ.
1429 2378 1546 2418 egre-

102 2419 184 2474 gie.
217 2435 294 2462 nec
312 2421 414 2472 ulli,
456 2436 508 2462 ne
526 2423 692 2474 Sigonio
712 2422 881 2476 quidem
906 2425 1073 2464 oboluit
1092 2424 1194 2463 haec
1215 2420 1398 2462 menda
1387 2435 1432 2459 m
1452 2422 1544 2460 vul-

102 2476 223 2530 gatis,
254 2481 330 2531 qui
350 2480 579 2531 vectigalza
600 2478 772 2530 publica
788 2484 1032 2520 avertissent
1050 2478 1347 2532 interpretanti
1369 2476 1443 2518 lib.
1469 2491 1543 2516 ιιι.

101 2531 152 2572 de
169 2533 274 2588 Rep.
294 2535 444 2574 Athen.
470 2549 560 2586 cap.
587 2548 621 2575 ι.
676 2534 835 2576 Noster
864 2539 962 2578 MS.
981 2536 1189 2577 Pollucem
1216 2533 1268 2574 ad
1293 2534 1433 2573 omnia
1460 2547 1543 2586 pu..

99 2587 210 2629 blica
239 2600 349 2631 recte
378 2590 617 2632 extendisse
649 2604 775 2645 φασιν
806 2594 1006 2634 ostendit.
1065 2592 1138 2634 Sic
1161 2602 1203 2633 et
1220 2589 1332 2646 apud
1350 2590 1539 2640 Suidam,
