1664 3016
141 115 224 156 640
737 113 858 153 VIII.
916 117 982 158 39.

63 260 65 263 .
133 235 344 281 prytanea
372 226 621 265 aestimatae
639 223 733 264 litis
749 234 913 277 partem
933 227 1131 268 decimam
1145 228 1305 282 fuisse,
1332 243 1498 283 eamque
1508 243 1588 282 pro

139 284 337 336 sportulis
364 282 556 320 iudicum
591 282 646 320 ab
675 283 888 322 actoribus
919 299 1005 323 eece
1035 286 1277 338 depositam.
1314 285 1408 328 MS
1447 296 1585 326 tamen

139 349 297 389 noster,
328 348 376 376 ut
406 337 511 387 dixi,
537 339 700 392 pariter
729 346 982 392 πρυτανεῐαι,
1020 350 1070 380 ut
1105 345 1294 399 vulgati,
1323 340 1449 383 habet
1472 357 1585 398 quo-

140 409 235 451 que.
295 400 398 436 Iuno.

250 451 523 506 πρυτανείας]
554 453 647 507 Ego
665 465 758 490 cum
775 452 962 498 Doctiss.
976 454 1163 494 Kuelmio
1181 462 1397 508 πρυτανεῖα
1414 454 1585 498 restitui

137 508 183 548 in
214 518 348 549 textu.
416 506 574 548 Eadem
606 508 764 556 ferme,
807 523 912 564 quae
944 525 967 551 e
1005 512 1169 552 Gtossie
1198 513 1407 552 Basilia-is
1447 511 1585 552 adfert

136 565 354 604 Kuehnius
373 574 541 616 noster,
573 563 735 614 eadem,
766 565 961 620 inquam,
990 566 1119 608 habet
1136 570 1390 610 Scholiasta·
1409 570 1586 608 Aristo-

129 623 286 676 phanis
309 620 361 661 ad
382 621 542 672 Nubes,
573 634 654 674 qua
677 620 728 662 de
749 636 793 662 te
817 626 1011 664 consules
1034 627 1306 665 Maussacum
1329 625 1382 665 ad
1406 627 1586 677 Harpo-

137 681 364 719 cretionem
393 677 438 716 in
465 682 703 729 πρυτανεῖα,
736 687 778 718 et
805 692 911 733 quos
939 680 1011 721 ille
1039 680 1227 720 adducit.
1286 682 1506 722 Praeterea
1536 689 1585 720 ut

135 744 303 775 constet
316 749 404 775 eam
425 747 548 788 quam
569 734 612 773 in
627 743 788 774 textum
809 749 1074 790 reposulmus
1085 738 1308 778 lectionem
1327 751 1416 779 esse
1427 751 1584 784 veram,

136 805 188 831 en
211 790 291 830 tihi
320 791 495 830 Thomae
512 790 661 831 verba.
691 798 905 846 πρυτανεῖα
930 794 970 836 δὲ
991 798 1291 847 πληθυντικῶς,
1319 812 1368 836 τα
1386 797 1586 848 καταβαλ-

134 844 326 900 λόμενα“’
299 846 379 890 υπό
398 851 475 888 τῶν
496 845 724 890 διωκόντων
745 851 881 902 δίκην·
913 851 1191 901 (Ammoni-ue,
1224 864 1277 890 ex
1303 864 1388 905 quo
1407 851 1584 890 Thomas

133 903 241 944 haec
261 903 417 956 hausit,
435 902 507 955 τὴν
519 900 700 958 δίκην)
671 923 723 957 ην
742 906 783 947 δὲ
801 907 1004 948 ἔπιδέκατα
1025 911 1096 950 τοῦ
1109 904 1332 961 τιμήματος.
1343 906 1463 947 addit
1479 909 1584 946 Am-

134 964 300 999 monins
317 969 358 999 et
379 961 559 1011 rectius,
589 965 659 1013 τῆς
678 965 802 1015 δίκης.
851 965 970 1016 plura
991 973 1092 1002 sunt
1112 963 1224 1017 apud
1242 965 1510 1003 Ammonium
1529 977 1582 1003 ex

164 1017 288 1056 uibus
317 1017 526 1068 Thamara,
558 1017 669 1070 apud
695 1022 732 1057 I
728 1020 894 1059 lzomam
913 1034 963 1058 ex
985 1019 1141 1072 quibus
1159 1021 1425 1060 Ammonium
1443 1033 1583 1060 emen-

133 1032 234 1114 des.
261 1072 335 1128 qui
354 1081 581 1127 utrumque
600 1075 793 1115 conferre
810 1090 897 1115 non
916 1074 1238 1132 dedignabitur,
1282 1085 1472 1118 mutuam
1498 1075 1582 1119 sibi

132 1129 180 1169 in
202 1130 317 1172 vices
337 1143 458 1182 opem
479 1139 690 1182 praestare
714 1132 906 1184 reperiet

244 1187 575 1243 μισθαποδοσίᾳ]
606 1187 698 1230 MS.
716 1189 970 1240 μισθοδοσίας.
1030 1194 1112 1229 San.

245 1245 568 1300 μισθαποδοσία]
609 1243 725 1286 MSS.
742 1248 1034 1300 μισθοδοσίᾳτ.
1054 1249 1088 1288 ὃ.
1110 1260 1132 1285 a
1152 1247 1392 1300 μισθοδοτῶ.
1420 1245 1490 1285 Gl.
1512 1254 1584 1296 ta-

130 1313 227 1340 men
248 1299 374 1339 etiam
393 1303 704 1354 μισθαποδοσία,
734 1302 932 1343 mercedis
951 1303 1185 1352 retributio,
1218 1310 1445 1356 utrumque
1467 1302 1582 1341 enim

130 1357 177 1396 in
197 1370 279 1395 usu
298 1366 376 1401 est.
432 1363 576 1397 Kumm.

243 1413 567 1469 μισθαποδοσίᾳ]
608 1417 850 1469 μισθοδοσίᾳ
871 1425 956 1455 tam
977 1413 1071 1457 MS.
1093 1423 1250 1468 noster,
1281 1427 1405 1469 quam
1430 1414 1581 1466 Seberi,

129 1469 383 1524 simplicius.
444 1475 559 1514 Iunc,

242 1527 568 1582 μισθαποδοσία]
606 1525 710 1569 cum
751 1527 947 1568 omnibus
983 1527 1111 1570 MSS.
1149 1525 1306 1568 nostris
1337 1528 1581 1582 μισθοδοσία

127 1586 239 1639 lego.
520 1570 533 1586 ⁴
1558 1570 1570 1586 ⁴

822 1645 888 1685 39.

239 1695 584 1766 παρακαταβολή]
615 1698 749 1739 Ιεοον.
772 1708 921 1738 contra
941 1697 1112 1737 Lochit.
1140 1696 1223 1745 ait,
1254 1696 1371 1766 quod
1389 1696 1579 1738 actiones

125 1750 225 1807 νπὲρ
249 1752 457 1807 σωμάτων,
488 1754 537 1793 de
558 1756 727 1794 iniuriis
746 1754 981 1806 corporibus
1002 1754 1152 1802 illatis,
1165 1752 1251 1793 sint
1270 1751 1368 1796 ἄνευ
1394 1770 1582 1807 παρακα-

124 1814 309 1865 ταβολῆς,
339 1810 385 1849 id
403 1820 481 1861 est,
514 1810 603 1854 οὔτε
621 1818 858 1865 πρυτανεῖα,
889 1808 982 1853 οὔτε
1011 1807 1260 1866 παράστασις
1286 1807 1464 1865 ουὸεμία
1475 1813 1579 1853 τίθε-

124 1884 190 1909 ται
206 1871 279 1921 τῆς
303 1869 543 1936 εἰςαγγελίας
559 1866 714 1920 ταύτης.
772 1874 918 1906 Kumm.

238 1922 568 1978 παρακαταβολη]
590 1927 653 1964 De
672 1923 751 1963 hac
773 1922 858 1964 vid.
877 1922 1021 1974 Sigon.
1045 1921 1120 1963 lib.
1146 1938 1218 1962 111.
1237 1921 1287 1962 de
1303 1924 1409 1977 Rep.
1425 1922 1577 1964 Athen.

126 1994 218 2033 cap.
238 1978 278 2020 4.
301 1977 615 2035 παρακαταβολή
636 1988 774 2020 autem
806 1980 886 2018 ista
909 1979 1013 2030 alia,
1045 1981 1111 2018 vel
1145 1988 1255 2019 certe
1274 1978 1423 2031 latior,
1454 1993 1578 2034 quam

124 2036 198 2076 illa
219 2035 270 2074 de
292 2050 371 2090 qua
394 2039 524 2088 paulo
548 2047 671 2086 ante,
703 2050 807 2091 quae
827 2045 990 2075 tantum
1024 2035 1069 2074 in
1101 2034 1370 2075 hereditariis
1401 2045 1578 2076 contro-

123 2091 276 2134 versiis
296 2093 470 2130 Polluci
486 2093 621 2132 nostri
643 2092 757 2131 hunc
778 2095 918 2132 locum
940 2090 1295 2134 adducit.1mw.

234 2148 564 2203 παρακαταβολὴ]
595 2149 784 2188 Pollucis
807 2149 943 2188 nostri
965 2147 1081 2187 huno
1102 2151 1243 2189 locum
1266 2146 1440 2189 adducit
1461 2156 1503 2188 et
1522 2147 1578 2186 il-

121 2209 276 2246 lustrat
298 2206 551 2244 Maussacus
572 2205 623 2244 ad
639 2204 1035 2256 Harpocrationem,
1072 2219 1112 2259 p.
1138 2203 1232 2259 259.

236 2261 456 2316 ἔπωβελία]
488 2262 558 2302 De
576 2264 778 2316 ἐπωβελίᾳ
802 2260 900 2302 vide
917 2263 1131 2315 Sigonium
1153 2260 1269 2300 dicto
1288 2263 1401 2301 loco.
1460 2258 1576 2301 Hinc

124 2333 225 2359 vero
246 2319 467 2358 Brodaeus
490 2317 763 2359 1x.Miscell.
797 2318 862 2360 24.
893 2317 1090 2358 emendat
1110 2317 1370 2385 Hesychium
1398 2316 1442 2355 in
1473 2319 1578 2359 ἐπω-

122 2377 252 2429 βελῖα,
283 2373 413 2428 apud
424 2387 546 2441 quem
569 2372 770 2413 mendose
793 2384 880 2415 est·
921 2374 1006 2416 ἔστι
1035 2377 1079 2417 δὲ
1106 2371 1151 2416 τό
1177 2369 1406 2416 ἀκόλουθον
1433 2389 1477 2415 το
1504 2373 1576 2423 τῆς

121 2434 351 2482 καταδίκης,
383 2428 538 2485 τίμημα
556 2447 595 2472 τι
614 2430 769 2498 *όλημα
792 2449 847 2480 ως
859 2433 1044 2485 δίδυμος·
1079 2439 1159 2473 etc.
1193 2438 1235 2470 et
1258 2427 1431 2471 scribit:
1460 2426 1575 2472 οἷκόλζ

121 2490 178 2543 τῷ
197 2489 267 2539 τῆς
288 2490 509 2538 καταδίκης
532 2504 725 2541 τιμηματι
750 2488 910 2540 ὄφλημα
931 2498 1010 2527 etc.
1038 2485 1112 2526 sed
1136 2495 1178 2526 et
1208 2485 1350 2538 priora
1370 2486 1576 2538 ΗεεγοῘιίἰ

123 2530 412 2585 emaculanda.
449 2545 509 2584 ita
530 2543 641 2584 enim
664 2544 776 2596 apud
808 2544 926 2583 illum
957 2553 1043 2584 est.
1086 2543 1304 2596 ἕπωβελία,
1344 2541 1576 2596 περιβόλων

122 2606 195 2653 τῆς
212 2604 325 2654 δίκης
349 2599 451 2646 ε”.στι
478 2609 559 2643 eto.
584 2598 688 2656 quid
709 2610 771 2642 est
783 2598 1048 2659 περιβόλιονῖ
1078 2613 1166 2641 non
1186 2597 1336 2640 dubito
1354 2598 1575 2642 emendare
