1664 3016
641 127 764 168 VIII.
824 132 890 173 86.
1412 132 1492 172 701

41 238 148 280 editi
170 247 267 278 ante
289 240 479 279 Seberum
502 239 706 281 Codices·
738 239 958 279 Kuehniua
978 239 1022 280 id
1043 241 1141 280 vitii
1153 228 1219 281 ad
1226 255 1340 281 oram
1360 242 1496 281 Basi-

40 298 194 335 leensis
216 293 317 336 edit.
334 299 614 346 emacularat.
661 295 922 349 fles-rohiae:
959 299 1166 352 Τρίγονοι,
1194 299 1331 351 τρίτην
1350 314 1496 353 γενεαν

41 350 314 406 ἔπισχόντες“
284 370 312 404 η
333 356 374 396 οἷ
387 358 512 407 τρεῖς·
545 352 596 393 de
614 354 763 393 ceteris
777 352 1102 393 distinctionum
1117 353 1311 393 minutiis
1325 369 1496 396 monere

42 408 106 448 nil
135 407 299 448 adtinet
327 408 378 448 ad
406 424 507 449 rem.
564 409 787 449 Neminem
819 424 946 462 porro
978 409 1170 449 habitum
1192 411 1325 451 fuisse
1344 410 1495 462 civem,

43 463 130 503 nisi
157 465 232 520 qui
260 466 499 518 Apollinem
519 465 693 505 haberet
713 482 900 523 πατρωον
925 476 966 506 et
985 468 1127 505 lovem
1150 466 1403 516 Herc-acum,
1434 481 1492 507 ex

41 519 160 560 hisce
177 521 394 560 Dinarchi
424 532 564 576 patet:
607 524 663 564 El
673 522 886 590 φράτορες
909 518 1019 564 αύτω
1035 524 1103 564 καὶ
1127 524 1258 577 βωμοὶ
1283 521 1382 572 eud«,-
1393 520 1498 578 Ερ-

40 579 166 623 κείου,
198 579 266 619 καὶ
280 575 531 647 ’Λπόλλωνος
548 576 737 634 πατρῴου
758 580 872 629 εἰσὶν,
904 593 1010 631 quae
1022 578 1196 618 adducit
1210 582 1496 633 Harpocratio

43 634 89 672 in
107 629 300 688 Ἐρκεῖος
316 633 437 684 Ζεύς·
468 634 514 674 hi
538 635 683 689 itaque
703 646 901 688 tanquam
923 635 1003 673 Dii
1021 634 1346 676 Atheniensium
1368 651 1496 690 pena-

43 697 105 731 tes
125 699 267 740 erant,
308 705 355 730 ac
376 692 462 730 illis
488 692 647 744 positas
670 692 810 744 quivis
834 690 1012 731 habebat
1031 705 1138 731 aras:
1167 693 1359 744 mysticis
1383 707 1496 745 quo-

44 759 128 800 que
146 747 276 786 sacris
298 747 548 801 quibusdam
568 747 636 787 his
660 747 752 788 fieri
780 748 952 786 solitum
975 747 1107 786 fuisse
1130 747 1244 786 haud
1271 747 1497 790 difficulter

44 801 198 855 credo,
237 803 494 858 illorumque
522 805 790 844 enarratione
823 805 1019 856 quemvis
1053 816 1098 842 se
1132 803 1268 843 civem
1293 804 1514 857 probasse

45 860 280 911 existum05
313 861 416 899 alias
437 870 549 900 certe
568 870 610 901 et
633 859 715 913 ipsi
737 861 909 913 μέτοικοι
926 859 1051 899 facile
1072 858 1285 900 dixissent
1303 875 1347 900 se
1368 863 1497 914 Apol.

44 917 169 956 linem
186 915 338 956 habere
357 934 547 972 πατρῳον
566 931 614 956 ac
642 918 777 955 lovem
800 918 1050 956 Hercaeum.
1089 924 1132 955 et
1151 914 1229 956 hae
1249 916 1417 969 quidem
1435 934 1496 960 τε-

42 974 149 1014 λεταὶ
167 982 286 1012 erant
305 973 348 1015 ἐκ
366 975 527 1029 γένους·
571 972 644 1013 sed
675 971 726 1012 de
755 972 822 1011 his
851 971 962 1010 nihil
990 971 1148 1012 dixisse
1170 981 1355 1026 praestat
1372 987 1496 1026 quam

44 1028 204 1069 dixisse
244 1043 404 1083 pauca·
445 1028 648 1084 quaedam
685 1028 856 1068 interim
892 1028 1182 1068 observantem
1222 1027 1274 1069 de
1303 1029 1499 1080 Apolline

42 1082 214 1143 πατρῴῳ
235 1089 330 1141 lege
356 1087 588 1126 Meursiam
616 1085 706 1124 Att.
734 1085 858 1126 Lect.
887 1084 962 1127 lib.
990 1099 1030 1132 v,
1050 1085 1089 1126 6.
1148 1085 1205 1123 Et
1226 1086 1401 1124 omnino
1425 1086 1497 1125 vi-

45 1129 207 1183 dendus
229 1142 556 1181 Demosthenes·
544 1156 588 1180 m
609 1141 760 1180 Eubul.
785 1143 984 1196 pleraque
1007 1151 1163 1190 autem,
1196 1154 1376 1195 quorum
1398 1142 1497 1183 heic

43 1200 200 1239 Pollux
221 1198 428 1250 meminit,
460 1199 644 1238 illustrat
662 1197 826 1238 Petita-s
849 1199 902 1238 L.
921 1198 976 1239 L.
1001 1198 1091 1236 Att.
1117 1196 1215 1252 257.

150 1309 452 1366 ἐστρατεύοντο]
495 1309 543 1352 C.
573 1309 624 1350 A.
653 1308 922 1364 ἐστράτευται,
959 1318 1008 1350 ut
1029 1323 1154 1365 supra
1183 1324 1237 1351 ex
1256 1311 1499 1353 Dium-cho.

41 1374 188 1409 Kum-

154 1422 454 1480 ἐστρατεύοντο]
472 1424 572 1465 MS.
583 1420 847 1480 ἓστρατενται,
860 1432 900 1464 et
910 1422 994 1463 hoc
1003 1423 1154 1464 melius
1176 1425 1350 1479 vulgato
1362 1424 1497 1480 ἐστρα-

41 1477 220 1527 τεύοντο.
279 1487 386 1521 Iuno.

158 1538 201 1580 δὲ
217 1529 350 1591 ουτοι]
383 1536 475 1582 MS.
495 1533 538 1581 δ’
563 1555 686 1581 ουτοι.
719 1536 793 1577 sed
816 1545 929 1577 stoae
946 1538 1088 1589 regiae
1109 1545 1150 1575 et
1173 1535 1285 1575 infra
1304 1537 1498 1577 meminit

47 1611 120 1647 xx,
149 1592 218 1637 4ο.
258 1604 301 1635 et
327 1596 454 1637 Plato
483 1595 614 1635 initio
642 1594 956 1647 Euthyplzronis
981 1591 1056 1645 τὴν
1074 1597 1145 1635 τοῦ
1163 1594 1353 1647 βασιλέως
1375 1594 1497 1637 στοὰν

46 1661 198 1694 vocat:
236 1650 313 1690 ubi
342 1652 537 1706 διέτριβον
567 1651 722 1706 quibus
752 1653 843 1702 δίκη
863 1648 966 1704 πρὸς
981 1649 1052 1693 τὸν
1073 1650 1247 1704 βασιλέα,
1277 1660 1326 1688 ut
1345 1651 1418 1701 ait,
1454 1661 1498 1690 et

48 1710 94 1749 in
123 1722 174 1750 eo
201 1706 372 1762 dialogo
403 1709 585 1762 exempli
615 1722 763 1758 eausa,
804 1708 996 1746 Socrates
1017 1703 1197 1761 ἀσεβείας
1223 1718 1440 1746 accusatus
1470 1721 1495 1746 a

47 1767 221 1806 Metita:
253 1775 294 1806 et
307 1765 550 1818 Euthyphro
567 1774 728 1818 patrem
741 1779 860 1804 suum
873 1761 1232 1816 movovaccusans:
1263 1777 1364 1816 quas
1379 1778 1498 1802 caus..

48 1837 115 1862 sas
137 1819 239 1875 πρὸς
257 1823 416 1875 βασιλέα
447 1820 712 1876 λαγχάνεσθαι
743 1820 890 1860 solitas
915 1834 1042 1875 segm
1064 1831 1129 1890 90.
1149 1818 1379 1860 indicatur.
1438 1820 1500 1859 Et

53 1880 273 1919 Theaeteto
303 1887 490 1918 extremo
522 1878 584 1918 ait
616 1879 836 1918 Socrates.-
875 1881 951 1919 νῦν
971 1877 1041 1931 μὲν
1065 1894 1138 1919 ουν
1157 1873 1407 1928 ἀπαντητέον
1428 1892 1498 1929 μοι

49 1938 106 1984 εἰς
131 1932 206 1988 τὴν
236 1951 309 1976 του
334 1935 524 1988 βασιλέως
558 1949 701 1982 στοαν,
732 1935 795 1977 ἐπὶ
814 1931 886 1987 τὴν
909 1939 985 1976 τοῦ
1007 1935 1184 1976 Μελίτου
1201 1931 1370 2003 γραφὴν
1379 1931 1431 1985 ἤν
1452 1949 1498 1986 με

47 1993 284 2049 γέγραπται·
317 1989 360 2029 in
384 2004 431 2030 ea
459 2000 500 2031 et
519 1993 633 2045 leges
660 2005 900 2044 suspensae.
956 1991 1206 2030 Aristoteles
1232 1989 1274 2030 έν
1297 1994 1344 2048 τῇ
1360 1986 1498 2042 Ἀθη-

51 2051 176 2092 ναίων
207 2048 415 2102 Πολιτείᾳ
455 2043 759 2103 α’ναγράψαντες
779 2048 820 2090 δὲ
841 2045 937 2096 τούς
957 2045 1109 2100 νόμους
1134 2050 1190 2096 εἰς
1207 2043 1302 2095 τούς
1324 2044 1496 2101 κύρβεις,

49 2107 218 2159 ἔστησαν
248 2105 291 2147 ἐν
307 2108 359 2162 τῇ
377 2107 475 2161 στοᾷ
497 2122 544 2160 τη
566 2106 755 2163 βασιλεία.
801 2105 1124 2157 Harpocratlo
1113 2120 1158 2144 m
1175 2100 1354 2158 κύρβεις,
1384 2114 1426 2142 et
1446 2117 1498 2142 ex

51 2176 102 2204 eo
123 2146 464 2203 Suida0.10nc.

162 2219 204 2262 δὲ
221 2235 335 2261 ουτοι
353 2234 455 2272 προς
471 2220 522 2272 τῇ
538 2219 631 2271 βασ.
656 2217 784 2282 στοᾷ]
824 2216 955 2257 Hune
984 2218 1178 2258 Pollucis
1199 2215 1334 2256 nostri
1355 2217 1498 2254 locum

52 2275 189 2318 adfert
216 2275 423 2330 plurimae
455 2274 652 2313 lectionis
679 2273 745 2312 vir
779 2275 990 2313 Mem-sius
1023 2274 1113 2314 Att.
1140 2271 1496 2315 Lect.1ib.v1.c.

55 2346 122 2388 17.
140 2331 215 2371 ubi
240 2331 291 2371 de
312 2333 494 2387 βασιλείῳ
515 2334 615 2387 στοᾷ
636 2338 799 2370 tractat.

164 2386 302 2443 ἥέστι
331 2392 407 2438 τοῦ
425 2387 575 2439 λίθου]
619 2385 668 2425 C.
690 2387 741 2426 A.
761 2403 787 2438 η
771 2382 870 2428 ”inl
885 2390 957 2428 τοῦ
975 2387 1108 2428 λίθου.
1141 2383 1186 2426 C.
1210 2385 1260 2426 V.
1278 2380 1307 2436 ἢ
1326 2382 1391 2425 ἐπὶ
1413 2399 1445 2423 τ.
1463 2386 1498 2424 λ.

50 2406 278 2484 lectionem
301 2443 404 2486 cod.
422 2445 755 2495 Antwerpiensis
774 2442 909 2481 firmat
929 2442 1139 2494 Harpocr.
1160 2441 1228 2480 cui
1250 2439 1419 2479 videtur
1438 2442 1498 2477 la-

52 2500 120 2555 pis
148 2500 282 2541 fuisse
310 2500 516 2551 Athenis,
547 2499 599 2539 ad
630 2513 753 2553 quem
776 2499 916 2538 iurare
943 2498 1164 2547 solebant,
1197 2496 1327 2550 idque
1348 2494 1499 2548 probat

51 2571 106 2597 ex
122 2556 238 2598 Orat.
258 2558 472 2597 Demosth.
491 2565 638 2595 contra
663 2555 875 2604 Cononem,
907 2555 1098 2608 quamvis
1115 2550 1246 2593 hodie
1257 2561 1387 2599 extet,
1408 2565 1497 2590 non

51 2611 155 2669 πρὸς
183 2610 255 2657 τὸν
284 2615 401 2658 λίθον
426 2613 590 2670 ἄγοντες
621 2613 689 2655 καὶ
717 2612 993 2668 ἐξορκοῦντες,
1033 2610 1106 2652 sed
1130 2606 1233 2666 πρὸς
1262 2606 1332 2652 τόν
1357 2605 1500 2663 βωμὸν
