1664 3016
170 121 252 162 660
767 117 887 160 VIII.
945 119 1013 162 53

283 229 509 283 πολέμους]
539 229 644 285 Leg.
671 230 897 283 πολεμίους.
934 232 1156 272 Demosth.
1189 230 1240 272 de
1271 226 1375 271 falsa
1400 229 1618 285 legatione

173 286 361 333 indicat,
393 286 428 324 si
455 286 550 340 quis
578 289 628 325 ad
661 282 801 326 hostes
829 289 992 343 legatus
1017 298 1084 328 eat
1102 288 1195 328 sine
1223 287 1377 343 populi
1396 286 1618 342 suffragio,

174 342 219 384 id
236 343 413 396 capitale
429 355 528 382 esse.
586 349 734 382 Kumnn

283 398 506 452 πολέμους]
546 399 641 438 MS.
668 400 880 452 πολεμίους
904 400 1060 440 rectius
1093 414 1215 454 quam
1255 403 1472 456 vulgatum
1503 398 1620 440 πολέ·

173 473 286 521 μους.
318 453 368 495 de
407 453 646 494 oratoribus
677 455 786 495 enim
817 453 1181 508 proficiscentibus
1201 456 1254 496 ad
1275 457 1416 497 hostes
1437 453 1616 494 necdum

172 512 310 552 missis
340 525 487 552 sermo.
531 521 626 565 post
654 509 884 566 προόὀντων
912 511 1075 577 integra
1107 513 1260 568 pagina
1290 513 1336 552 in
1365 510 1617 552 membranis

173 577 356 610 exsecta:
410 566 524 621 quod
568 567 688 608 valde
724 582 845 622 aegre
869 567 1056 610 ferimus.
1095 583 1181 609 non
1209 569 1321 609 euim
1349 568 1619 624 proletariam

175 639 341 678 operam
368 623 413 662 in
445 623 512 663 his
540 623 775 664 iudiciariis
804 638 826 664 a
855 638 899 663 se
917 622 1034 663 dedit
1051 626 1219 666 Polluci
1236 635 1382 666 nostro
1403 623 1495 666 MS.
1517 625 1622 661 Pa·-

174 683 551 732 latinuae,mu1tas
582 680 751 720 mendas
784 678 1037 746 indicando,
1090 695 1196 735 quae
1226 684 1294 722 vel
1318 694 1487 737 sagaces
1515 680 1618 718 alias

161 737 411 807 latuissent.
461 737 613 776 desunt
649 738 795 792 itaque
836 737 880 775 in
924 751 974 777 eo
1011 740 1150 776 omnia
1190 751 1322 793 usque
1362 736 1414 778 ad
1444 735 1619 776 verbum

173 792 522 848 ἐνεπισκήψασθαι
542 807 668 849 segm.
689 794 755 834 61.
813 794 904 834 Nos
924 792 1162 833 videbimus
1183 807 1234 832 an
1254 792 1456 848 quaedam
1478 801 1620 831 tamen

172 864 254 916 que
275 849 565 891 emendatiora
599 864 680 903 qua
712 850 942 889 illustriora
973 849 1147 890 reddere
1175 864 1396 905 queamus:
1429 846 1620 904 quamvis

174 906 254 947 id
241 920 287 946 m
308 907 456 960 paucis
476 920 687 959 speramus
711 921 732 945 a
753 906 876 946 nobis
899 905 989 946 fieri
1010 912 1310 960 posse.1mw.

279 964 500 1017 πολέμους]
531 963 747 1002 Kuehnias
767 972 910 1003 noster
933 965 1167 1015 πολεμίους,
1197 977 1321 1020 quem
1337 961 1564 1019 sequimur.

277 1018 549 1076 ’Τπερείδης]
581 1017 756 1059 Scribe‘
766 1022 974 1075 Τπερίδης.
1031 1026 1133 1059 que.

867 1081 935 1120 53.

282 1129 458 1188 χιλίαςτ’
477 1127 756 1186 ὄφλισκᾶνειι]
785 1130 919 1186 Supra
949 1134 1332 1186 segm.41.1uuo.

282 1188 489 1243 πέμπτου]
527 1189 674 1244 μέρους
700 1203 826 1241 supra
855 1188 942 1227 fuit
972 1188 1188 1239 additum,
1222 1189 1352 1243 idque
1382 1188 1509 1229 etiam
1539 1186 1623 1226 hoo

172 1249 270 1286 loco
320 1243 591 1287 inserendum
633 1259 690 1286 ex
728 1245 1027 1297 Demosthene,
1084 1255 1158 1285 aut
1203 1243 1621 1299 subintelligendum.

171 1309 320 1343 Kumm.

284 1376 338 1428 μη
357 1355 627 1412 ἀτιμοῦσθαι]
659 1359 969 1411 Harpocratio:
1001 1375 1117 1399 αυται
1152 1357 1448 1428 (εἰσαγγελίαι)
1478 1355 1522 1402 δέ
1547 1357 1624 1397 εἶσι

172 1415 274 1471 πρός
293 1413 363 1458 τὸν
389 1432 580 1469 αρχοντα,
610 1416 675 1456 και
697 1418 751 1472 τῷ
770 1412 954 1457 διώκοντι
978 1410 1160 1468 ἆζημιοι,
1191 1412 1268 1472 κᾷν
1290 1431 1343 1468 μη
1360 1411 1555 1467 μεταλάβῃ
1577 1430 1620 1453 το

172 1475 350 1527 πέμπτον
377 1473 497 1526 μέρος
521 1477 599 1513 τῶν
634 1483 801 1525 ψηφων.
842 1468 943 1511 vide
975 1481 1018 1511 et
1048 1472 1194 1524 Sigon.
1221 1457 1316 1513 libr.
1347 1486 1422 1511 111.
1455 1467 1507 1510 de
1575 1483 1623 1508 e-

171 1530 287 1584 publ.
309 1529 462 1569 Atlzen.
506 1543 597 1582 cap.
625 1543 659 1570 1.
715 1534 821 1568 Iunc.

285 1585 580 1639 Δημοσθένης]
621 1587 857 1641 εἰσαγγελίας
889 1593 932 1624 et
958 1583 1003 1623 in
1034 1581 1271 1624 hereditate
1299 1584 1532 1637 puellarum
1561 1581 1623 1620 fa·

174 1643 340 1683 etitatas
371 1641 494 1681 docet
527 1656 580 1681 ex
599 1642 717 1680 Isaeo
742 1642 942 1695 Sigonius
969 1641 1045 1682 lib.
1068 1654 1128 1679 xv.
1160 1638 1209 1678 de
1232 1638 1338 1693 Rep.
1358 1639 1511 1679 Athen.
1531 1652 1622 1691 cap.

174 1712 341 1752 2.eque
366 1698 534 1737 Polluce
553 1696 698 1737 addit:
730 1699 785 1735 Ec
789 1674 1128 1743 &Demosthenen
1150 1698 1223 1748 qm·
1240 1698 1284 1734 in
1305 1696 1505 1734 Oratione
1523 1710 1623 1734 oon-

172 1765 241 1796 tra
277 1754 549 1807 Medontem,
582 1763 678 1793 teste
698 1753 895 1803 Polluce,
930 1755 1165 1807 εἰσαγγελίας
1195 1765 1274 1790 esse
1307 1766 1523 1790 concessae
1557 1753 1623 1789 in-

174 1815 265 1865 quit
289 1811 487 1850 adversus
506 1825 596 1860 eos,
629 1813 703 1863 qui
722 1812 871 1859 aheni,
903 1823 987 1849 non
1007 1811 1234 1860 propinqui
1246 1809 1410 1859 puellas
1430 1808 1622 1846 haeredes

172 1869 403 1907 duxissent.-
435 1882 539 1920 quas
563 1868 783 1905 delationis
814 1866 913 1905 Solo
941 1880 967 1903 a
997 1866 1110 1905 mille
1131 1864 1365 1910 indicibus,
1395 1863 1621 1903 Phalereus

172 1940 199 1963 a
222 1925 336 1963 mille
353 1931 392 1961 et
416 1926 650 1977 quingentis
675 1923 860 1962 iudicari
881 1923 1021 1962 voluit.
1054 1921 1203 1960 Oratio
1224 1921 1305 1959 ista
1329 1919 1622 1962 Demosthenis·

171 1981 327 2020 citatur
347 1989 387 2019 et
406 1979 456 2018 ab
479 1977 847 2031 Harpocratione
835 1992 878 2016 111
902 1982 1033 2021 &gnate
1038 1976 1137 2020 ύειν.
1193 1983 1304 2016 hmo.

283 2036 325 2077 ἐν
354 2036 434 2091 τῷ]
481 2035 697 2075 Posterius
738 2035 780 2075 ἐν
819 2038 876 2091 τῷ
919 2044 1031 2074 lecte
1076 2033 1220 2073 omisit
1250 2034 1484 2085 Inter-pree.-
1473 2033 1622 2072 »vult

171 2092 281 2133 enim
310 2092 603 2130 Demosthenes
640 2093 882 2145 εἰσαγγελίαν
921 2091 965 2130 in
1005 2105 1077 2130 eos
1113 2103 1283 2145 quoque
1321 2088 1490 2140 cadere,
1545 2086 1621 2141 qui

171 2151 289 2188 nullo
322 2147 592 2202 cognationis
625 2147 715 2186 iure
751 2147 915 2211 ntuptiis
946 2147 1125 2201 virginis
1168 2145 1464 2199 obrepserant,
1512 2157 1620 2198 quae

170 2221 223 2246 ex
243 2218 334 2243 asse
359 2202 657 2243 haereditatem
683 2203 832 2242 sortita
861 2213 959 2243 e1·.at
1017 2210 1164 2243 Kumm.

283 2261 325 2302 ἒν
351 2259 408 2315 τῷ
423 2269 500 2298 etc.
523 2257 621 2300 κατά
638 2263 715 2300 τῶν
741 2257 794 2313 μὴ
822 2275 988 2314 προσηκ
1010 2270 1086 2301 etc.
1098 2260 1118 2312 ]
1150 2258 1286 2298 Nemo
1307 2257 1403 2306 erit,
1434 2255 1508 2312 qui
1530 2270 1618 2295 non

171 2317 308 2372 primo
336 2303 477 2355 statim
506 2315 668 2354 intuitu
695 2314 1004 2367 deprehendat,
1037 2314 1145 2355 illud
1173 2316 1213 2356 ἐν
1234 2332 1287 2356 τω
1317 2314 1484 2352 librarii
1506 2313 1618 2351 vitio

170 2376 277 2412 male
323 2372 550 2426 repetitum
585 2386 637 2411 ex
679 2372 1026 2437 praecedentibus
1065 2374 1106 2414 έν
1139 2389 1191 2413 τω
1228 2368 1328 2412 και-οἶ
1359 2380 1437 2409 ete.
1479 2382 1618 2422 neque

172 2428 398 2469 difficulter
430 2427 474 2466 id
512 2426 655 2467 mendi
683 2429 906 2467 remansit:
949 2428 1141 2469 solebant
1165 2415 1287 2466 enim
1318 2424 1504 2476 librarii,
1544 2433 1620 2463 aut

158 2487 244 2538 ‘qui
283 2484 454 2536 scriptis
497 2483 727 2525 codicibus
762 2484 1033 2524 emendandis
1069 2498 1206 2522 curam
1243 2481 1421 2532 dabant,
1464 2495 1619 2534 super-

170 2541 271 2580 fluas
311 2540 592 2595 delendasque
629 2554 752 2579 voces
795 2555 880 2579 uno
915 2544 1102 2580 alterove
1132 2539 1360 2577 subnotare
1394 2539 1616 2590 punctulo,

169 2597 282 2654 quod
300 2596 489 2637 fraudem
522 2597 689 2651 saepius
716 2595 1047 2650 descriptoribus
1069 2597 1184 2638 fecit.
1242 2595 1344 2635 Non
1372 2594 1518 2649 itaque
1542 2592 1618 2632 du-
