1696 3028
678 122 777 166 VII.
839 127 906 170 14.
1421 129 1505 172 233

50 237 169 284 Mela·
195 239 399 291 optimum
425 237 590 278 videtur
623 241 671 279 in
694 239 865 280 Theseos
895 236 1092 292 τενηρῖιὶηι
1111 237 1348 293 confugere,
1381 248 1507 294 atque

50 297 113 335 ibi
130 308 299 335 manere
320 296 447 336 donee
463 297 740 336 venditionem
768 299 1045 338 inveniamus.
1081 296 1231 337 -Nihil
1263 297 1404 338 verius
1431 308 1506 340 aut

50 350 272 395 facilins.
296 353 439 396 Possis
460 353 587 393 etiam
605 356 787 425 legere,

353 412 441 465 ἐμοὶ
459 425 649 454 κατιστον
674 414 730 461 εἰς
747 409 790 454 τό
819 414 1004 480 Θησεῖον
1012 413 1177 466 δραμεῖν

52 465 182 538 Quod
203 475 342 508 autem
365 467 561 523 sequitur
584 468 697 522 apud
717 469 945 519 Pollucem,
977 485 1168 522 αντικρυς
1191 467 1232 511 δὲ
1254 468 1297 511 ἐν
1319 472 1406 518 ταῖς
1416 465 1505 509 Ev-

49 523 216 575 πόλιδος
247 522 419 568 Πόλεσι·
447 524 552 568 κακοὶ
578 524 712 568 τοιάδε
718 523 870 595 πάσχω
892 527 975 594 μὲν,
1007 523 1099 568 ουδὲ
1124 530 1274 580 πρᾶσιν
1303 528 1413 576 αἰτῶ,
1445 526 1508 566 ita

51 581 380 637 intelligendum
405 591 495 626 est.
541 581 729 623 Redde’
712 581 913 638 ἄντικρυς,
939 586 985 623 in
1011 585 1119 635 ipsis
1139 584 1288 624 verbis.
1347 583 1454 624 Sic
1442 597 1508 623 in-

52 637 119 679 ftn
137 649 240 680 sect.
259 637 330 681 41.
386 639 616 695 Eupolidis
642 654 784 680 versus
802 641 860 680 ita
883 640 1039 691 scribe,

576 695 682 739 κακοὶ
706 693 839 740 τοιάδ’
864 698 1011 741 οἰκέται

383 767 621 808 πασχουσιν,
653 750 745 797 ουδὲ
764 759 912 809 πρᾶσιν
934 757 1093 798 αἰτοῦσι
1107 776 1180 796 —-·

51 808 163 850 Nam
188 823 313 865 supra
338 811 526 851 occurrit
544 813 696 862 οἰκέτας
726 817 875 865 πρᾶσιν
896 813 1034 856 αἰτεῖν.
1092 810 1220 853 Unde
1247 810 1509 866 supplendus

52 867 250 922 Eupolis.
279 874 397 909 Toup,

165 925 338 978 πρᾶσιν]
367 923 530 980 πρᾶσιν,
586 935 637 966 ut
654 939 769 978 mox,
789 925 958 967 tametsi
979 924 1230 968 nonnullibi
1262 934 1306 967 et
1331 924 1513 966 circum-

54 979 208 1021 flexum
232 981 440 1024 invenias,
471 988 552 1024 Seu.

165 1035 271 1079 κακὰ
295 1047 376 1080 etc.
387 1039 402 1092 ]
432 1039 660 1092 Eupolidis
683 1039 978 1080 testimonium
999 1038 1243 1082 emendavit
1269 1038 1334 1080 Cl.
1371 1040 1512 1079 Kuelz-

55 1096 166 1134 nius.
197 1095 328 1149 prior.
359 1095 462 1140 edit.
495 1111 574 1151 pro
597 1095 745 1151 πάσχω
767 1097 837 1150 μὲν
857 1098 1055 1154 legebant
1078 1096 1345 1165 πάσχουσιν,
1357 1106 1400 1135 et
1435 1110 1513 1150 pro

57 1153 166 1200 αἰτῶ,
202 1154 368 1195 αἰτοῦσι.
407 1163 551 1207 posset
575 1153 731 1194 leviori
762 1155 875 1195 forte
909 1155 1148 1194 mutatione
1173 1154 1258 1209 legi
1287 1150 1513 1207 πάσχουσα.

58 1207 253 1250 Ceterum
275 1210 452 1250 illustris
479 1213 600 1250 locus
631 1210 760 1249 huius
792 1211 855 1251 rei
889 1221 953 1251 est
978 1211 1089 1266 apud
1112 1211 1397 1279 Plutarchum
1422 1212 1516 1265 περὶ

57 1268 384 1319 Δεισιδαιμονίας
402 1281 492 1321 cap.
512 1266 550 1311 6.
565 1269 645 1310 ἔστι
662 1269 730 1310 καὶ
748 1265 909 1317 &avions
920 1267 1045 1322 νόμος
1061 1270 1292 1322 ἐλευθερίαν
1312 1263 1515 1324 ἆπογνοῦ-

58 1336 99 1365 σι
116 1327 266 1379 πρᾶσιν
285 1325 481 1366 αἰτεῖσθαι
499 1325 568 1367 καὶ
589 1324 788 1379 δεσπότην
806 1326 1062 1381 μεταβάλλειν
1080 1327 1374 1377 ἐπιεικέστερον.

170 1382 347 1434 αἰτοῦσι]
389 1381 505 1421 Ante
533 1382 666 1437 legeb.
709 1386 822 1424 ιίτῶ.
858 1382 946 1423 vid.
981 1383 1216 1425 casaubon
1248 1382 1426 1425 lib.1x.
1469 1383 1515 1422 in

57 1437 544 1493 Athen.cap.11.quid
570 1449 711 1480 autem
738 1445 888 1494 πρᾶσιν
920 1442 1058 1493 αἰτεῖν,
1090 1439 1216 1481 docet
1242 1438 1356 1480 idem
1385 1440 1514 1483 anim.

57 1494 104 1534 in
119 1495 281 1538 Sueton
304 1509 401 1551 pag.
421 1493 464 1539 8.
495 1501 578 1537 San.

761 1558 824 1600 14

170 1607 220 1652 τὰ
245 1610 286 1652 δὲ
298 1610 446 1681 woonffi’]
478 1612 634 1668 Margo
652 1626 787 1667 usque
808 1610 860 1652 ad
876 1612 1049 1669 λέγουσι,
1080 1620 1242 1651 caetera
1267 1610 1422 1650 absunt
1444 1626 1519 1652 us-

61 1681 144 1737 que
165 1666 218 1708 ad
255 1665 308 1710 Td
339 1667 383 1710 δὲ
410 1685 519 1711 ανατ.
551 1672 650 1710 vult
673 1671 838 1709 Auctor
866 1669 1019 1710 docere
1046 1665 1211 1723 quod
1191 1686 1212 1711 ο
1246 1663 1464 1722 ὦνημένος,
1498 1666 1519 1712 ὁ

61 1721 259 1779 ωνηθεὶς,
299 1726 496 1780 έωνηθεις
523 1726 663 1766 activa
693 1725 1010 1781 significatione
1045 1726 1203 1765 Atticis
1246 1735 1400 1766 notent
1428 1741 1521 1766 eum

62 1785 136 1836 qui
155 1784 266 1822 emit.
286 1781 375 1824 vid.
383 1783 617 1852 Aristoplz.
645 1785 821 1822 Plutum
840 1784 890 1823 ab
913 1783 1056 1823 initio.
1087 1790 1231 1823 Kumm.

173 1837 331 1881 καὶτὸν
362 1857 432 1882 ων.
463 1849 541 1880 etc.
555 1841 570 1893 ]
608 1841 660 1879 In
691 1841 787 1882 MS.
819 1840 973 1881 desunt
1003 1841 1070 1883 καὶ
1101 1838 1171 1883 τὸν
1199 1837 1408 1895 ὦνημένον
1439 1850 1518 1883 etc.

62 1909 200 1965 usque
218 1893 271 1934 ad
294 1894 346 1938 Τὸ
367 1897 409 1939 δὲ
427 1907 508 1937 etc.
541 1903 653 1938 que.

176 1969 222 2001 ος
238 1969 298 2002 τις
318 1955 492 2006 ἐπρίατο]
521 1951 666 1993 Post‘'
641 1971 686 2003 ος
706 1971 765 2004 τις
776 1954 937 2010 ἐπρίατο
958 1955 1250 1996 commaticam
1273 1952 1520 1994 distinctio-

63 2024 158 2051 nem
176 2010 324 2063 posuit
346 2011 783 2054 Doctiss.Kuelmtu.-1

66 2124 84 2167 ἐ
117 2124 136 2168 ἐ
176 2071 234 2123 τῷ
259 2067 378 2110 πλέον
409 2068 524 2124 etc.]
569 2069 666 2110 MS.
694 2045 851 2124 partim
880 2067 1103 2110 mendose:
1134 2073 1234 2113 τῶτο
1261 2069 1383 2112 πλέον
1415 2064 1524 2112 δόντι

86 2130 115 2167 θ
135 2129 231 2167 λειν.
260 2130 363 2164 Imm.

174 2185 369 2235 alnov-no
397 2198 449 2223 αν
475 2181 529 2235 λ]
566 2181 632 2221 Gl.
665 2180 1000 2248 πληστηριασμός,
1032 2181 1054 2226 ὃ
1083 2179 1447 2254 υπερθεματισαός,
1477 2184 1524 2221 li·

66 2240 233 2279 citatio.
255 2242 477 2305 Harpoer.
508 2241 677 2289 Λυσίας,
715 2240 758 2278 in
768 2241 876 2294 quit,
909 2241 950 2282 έν
979 2245 1035 2298 τῷ
1064 2241 1168 2296 πρὸς
1187 2238 1452 2292 Ἀνδοκίδην,
1494 2241 1528 2281 εἰ

65 2293 313 2352 γνησιος,ἰῐο
328 2296 429 2334 ille
418 2310 461 2334 m
482 2310 587 2335 voce
607 2296 947 2349 πληστηριάσαντε
950 2314 970 2346 ς
989 2308 1032 2338 et
1053 2312 1105 2337 ex
1126 2312 1176 2339 eo
1193 2298 1361 2339 Saldae.
1384 2305 1524 2336 Kumm.

179 2358 370 2407 πληστηρ.
386 2349 436 2394 ἂν
455 2351 511 2407 L]
543 2352 704 2392 Nescio
726 2353 829 2406 quid
850 2357 1028 2395 voculae.
1045 2359 1171 2407 plane
1187 2369 1348 2395 erasum
1369 2353 1414 2392 in
1432 2354 1524 2394 MS.

69 2408 182 2449 inter
193 2406 507 2475 πληστηριαζειν,
534 2419 575 2448 et
591 2407 755 2462 λέγοις“
729 2428 792 2460 αν,
808 2411 866 2449 ita
883 2411 993 2450 enim
1006 2412 1103 2452 MS.
1116 2411 1243 2451 habet
1254 2425 1329 2464 pro
1343 2409 1393 2451 οἶν
1406 2412 1528 2478 λέγοι-

68 2481 129 2506 το.
171 2466 344 2507 Deinde
365 2467 458 2507 MS.
479 2467 552 2514 ita,
578 2466 726 2505 omissa
752 2467 960 2507 orationis
981 2467 1263 2519 indicatione,
1295 2466 1443 2506 habet:
1476 2464 1530 2515 ὥς

68 2518 232 2572 Ἰσαῖος.
254 2525 380 2576 φησιν
397 2522 487 2578 γὰρ,
502 2541 550 2565 ov
561 2540 674 2576 τιμης
686 2532 766 2567 etc
795 2521 937 2564 Habet
950 2538 1050 2564 vero
1061 2525 1157 2564 MS.
1171 2533 1314 2562 noster
1324 2525 1432 2563 clare
1445 2522 1528 2562 hoc

69 2579 322 2618 vocabulum
346 2595 420 2633 per
431 2597 472 2631 η,
497 2594 646 2633 nempe
661 2591 758 2619 ante
769 2578 1083 2634 πληστηριάζειν.
1106 2577 1493 2632 εἴπληστηρκίσαντε
1497 2597 1529 2629 ς,

70 2633 149 2689 πλή
155 2649 250 2679 στου
272 2634 388 2680 ἇπεδ.
426 2638 485 2677 Et
494 2636 606 2691 apud
616 2639 1001 2690 Harpocratzonem
1014 2638 1140 2679 etiam
1153 2633 1529 2693 πληστηριάσαντες·
1550 2675 1558 2681 .
