1664 3016
125 110 209 152 728
702 106 978 152 V111.100.

129 218 182 259 de
209 217 277 258 his
303 220 484 261 nostris:
513 219 608 264 δέκα
623 219 694 265 τὸν
714 219 893 276 α’ριθμὸν
919 220 1064 291 ἄνδρες
1090 217 1217 275 ἦσαν,
1247 237 1329 277 παρ
1334 218 1432 272 ὀἷς
1456 221 1585 266 §6160-

130 290 205 318 σαν
230 278 272 318 οἵ
281 276 627 346 πρεσβεύσαντες,
664 277 692 332 ἢ
718 278 947 348 ἄρξαντες,
967 276 991 333 ἦ
987 277 1285 332 διοικήσαντές
1303 295 1340 321 τι
1361 283 1442 322 τοῖν
1453 282 1585 352 δημο-

129 334 228 374 σίων
245 330 318 382 τοὶς
336 331 533 384 εὐθύνας·
555 337 765 379 διείλεκται
781 337 874 391 περὶ
896 331 1028 380 αὖτῶν
1034 334 1312 393 Ἀριστοτέλης
1332 337 1376 380 ἐν
1391 340 1442 393 τῇ
1453 333 1585 391 Ἀθη-

127 390 254 431 ναίων
275 391 463 446 πολιτείᾳ.
519 397 626 432 Iuno.

242 447 284 488 οἴ
298 445 341 489 δὲ
358 445 568 503 τεσσαρᾶκ
581 449 600 502 ]
631 449 724 489 MS.
746 450 788 493 οἴ
800 462 957 504 τεσσαρ.
977 449 1070 490 sine
1086 450 1149 493 δέ·
1179 448 1231 490 de
1251 449 1319 489 hi·
1338 447 1428 490 vid.
1440 449 1584 504 Sigon.

127 499 285 544 1ib.1v.
315 501 367 543 de
388 505 496 558 Rep.
526 505 630 549 Ath.
649 520 683 550 ο.
704 504 744 548 5.
785 506 982 547 meminit
1013 520 1158 547 eorum
1188 506 1249 546 ita
1279 515 1322 547 et
1355 505 1470 546 infra
1502 507 1584 548 No·

127 567 580 610 sterxx,1o1.1um.

238 613 472 672 περιόντες]
506 618 555 660 C.
574 619 623 659 A.
648 616 873 675 παριόντες,
894 618 1149 673 prodeuntes
1167 621 1284 660 circa
1306 632 1459 673 pagos.
1483 615 1585 660 dein

129 669 179 714 C·
205 671 260 714 V·
280 674 416 716 ds'xoe'
397 691 483 717 εκα.
503 678 626 718 male.
685 683 837 717 Kumm.

239 727 471 784 περιόντες]
518 735 559 775 οὶ
587 732 807 786 περιιόντες
835 750 873 776 κ.
894 732 988 775 MS.
1011 740 1054 773 et
1085 741 1197 773 certe
1228 731 1288 772 itu
1314 730 1586 773 scribendum

128 794 203 827 est.
263 788 372 828 Sunt
391 787 497 829 haec
514 792 766 830 Aristotelea
785 803 967 860 quoque.
1017 788 1338 841 Harpocratio
1326 803 1371 828 ιιι
1395 787 1496 831 κατὰ
1517 788 1586 842 δή·

127 859 229 913 μους
247 841 453 895 δικαστάς
481 847 574 901 περὶ
591 851 671 890 τῶν
691 846 791 890 κατὰ
812 845 966 900 δήμους
982 849 1197 891 δικαστῶν.
1233 861 1288 895 ως
1303 842 1498 900 πρότερον
1515 845 1587 900 μὲν

127 894 234 952 ησαν
249 898 488 954 τριάκοντα,
519 905 587 946 καὶ
617 904 718 946 κατὰ
749 903 899 974 δήμους
924 901 1145 955 περιϊόντες
1174 902 1374 952 ἐδίκαζον,
1407 900 1488 945 εἶτα
1504 903 1589 958 ἐγέ-

130 973 250 999 νοντο
282 958 596 1026 τεσσαράκοντα.
630 963 789 1016 εἴρηκεν
812 957 1089 1015 Ἀριστοτέλης
1110 960 1153 1001 ἐν
1168 962 1219 1028 τῇ
1237 959 1427 1024 πολιτείᾳ.
1482 964 1586 999 que.

239 1012 456 1070 περιόντες]
485 1016 673 1057 Βεειὶιιιί
700 1017 751 1057 ad
772 1017 895 1058 fidem
909 1017 1032 1058 MSS.
1047 1014 1284 1072 περιϊόντες,
1303 1001 1425 1056 cuius
1445 1029 1589 1056 emen-

130 1066 317 1110 dationis
338 1072 449 1113 ratio
472 1074 642 1142 cuique
649 1074 776 1115 facile
799 1083 980 1114 constet.
1532 1102 1533 1105 =

241 1128 391 1183 ταῦτα]
439 1129 535 1170 MS.
570 1128 737 1181 ταύτας·
785 1130 954 1172 scilieet
982 1126 1178 1187 δραχμάς·
1215 1137 1259 1170 et
1289 1127 1433 1169 malim
1462 1142 1587 1185 quam

128 1185 350 1238 vulgatum
374 1191 511 1228 ταῦτα.
549 1193 656 1228 Iunc.

240 1243 462 1310 διαιτηταῖς
487 1244 591 1297 eta]
633 1242 683 1288 C.
709 1243 760 1284 A.
789 1246 971 1299 διαιτητῇ
997 1258 1040 1284 π.
1069 1240 1164 1297 μετὰ
1199 1240 1242 1285 δὲ
1271 1239 1347 1296 τὴν
1365 1250 1446 1284 etc.
1474 1242 1588 1294 μέσοι

126 1299 201 1338 τοῦ
228 1293 413 1353 ἀριθμοῦ
427 1317 461 1342 τ.
491 1317 526 1342 τ.
540 1301 747 1371 ἐγένοντο
774 1305 846 1370 χιλ
872 1297 1083 1343 διακόσιοι.
1122 1299 1326 1351 Ulpianus
1358 1300 1403 1338 iu
1422 1300 1586 1338 Midia-

91 1366 94 1369 “
125 1367 246 1395 nam:
284 1373 450 1426 πρωτον
472 1354 552 1401 ἆπὸ
577 1361 790 1427 διαιτητων
807 1354 1002 1426 η’ρχοντο·
1035 1355 1191 1425 (λαβεῖν
1218 1352 1418 1410 εὐθύνας)
1440 1354 1589 1411 μικρό-

125 1426 220 1466 τερα
246 1430 322 1467 γαρ
354 1407 408 1467 ἦν
443 1413 493 1456 τοὶ
517 1410 592 1457 ὑπ’
629 1410 762 1457 αὐτων
791 1412 1071 1466 διοικούμενα·
1101 1405 1202 1466 ἦσαν
1221 1411 1317 1482 γὰρ
1315 1415 1357 1455 οἱ
1393 1413 1589 1466 διαιτηταὶ

125 1467 310 1522 τέσσαρες
339 1471 407 1513 καὶ
435 1468 598 1527 τετταρι’
602 1489 723 1514 κοντα
751 1468 852 1513 καθ’
876 1469 1048 1523 ἑκάστην
1072 1468 1231 1540 φυλήν·
1265 1485 1378 1512 ουτοι
1402 1469 1445 1513 δὲ
1472 1470 1515 1511 ἐν
1533 1472 1589 1539 τῷ

121 1528 432 1596 Σκιροφοριῶνι
464 1528 536 1578 τὰς
567 1524 749 1578 εὐθύνας
782 1528 990 1580 ἐδίδοσαν,
1021 1525 1066 1576 ὃς
1083 1520 1134 1595 ἦν
1158 1526 1366 1575 ἑνδέκατος
1388 1524 1470 1581 μὴν
1485 1521 1587 1592 παρ’

121 1579 371 1635 Ἀθηναίοις.
424 1585 473 1626 C.
504 1586 555 1627 V.
583 1585 667 1626 ita.
709 1602 803 1638 μετα
832 1584 963 1637 δὲτὴν
994 1601 1026 1626 τ.
1053 1599 1087 1625 τ.
1110 1579 1146 1626 o'.
1165 1585 1324 1652 μίσοιτ.
1345 1577 1385 1625 ἆ.
1409 1593 1487 1624 etc.
1519 1581 1585 1622 uti

127 1653 252 1692 supra
276 1640 322 1680 C.
347 1642 400 1682 A.
427 1641 541 1683 unde
540 1643 657 1705 quis
687 1644 826 1697 legere
845 1640 1007 1695 possit,
1038 1654 1143 1694 μισει
1168 1656 1201 1681 τ.
1231 1635 1270 1681 ἆ.
1285 1656 1316 1682 τ.
1337 1657 1369 1682 τ.
1388 1637 1590 1694 τεσσαρά-

126 1713 248 1739 κοντα
276 1698 477 1753 ἐγένοντο·
519 1697 601 1742 εἶτα
627 1701 746 1754 χίλιοι
771 1702 808 1741 δ.
842 1712 895 1738 ex
924 1696 1019 1735 odio
1048 1699 1209 1735 numeri
1237 1698 1445 1748 triginta,
1463 1695 1589 1751 facti

127 1762 227 1792 sunt
267 1756 578 1810 quadraginta,
633 1766 674 1795 et
705 1755 802 1795 dein
832 1755 948 1793 mille
973 1753 1153 1795 ducenti.
1198 1752 1381 1807 primum
1421 1753 1588 1793 scilicet

127 1809 430 1866 quadraginta,
467 1811 567 1852 dein
602 1812 717 1851 mille
749 1811 938 1852 ducenti.
1007 1810 1168 1850 Decem
1199 1818 1320 1850 erant
1349 1806 1588 1865 antiquitus

127 1866 264 1906 tribus
289 1868 494 1918 Athenis,
535 1879 578 1909 et
607 1869 789 1922 primum
815 1867 991 1921 triginta
1019 1866 1196 1906 ditiores
1217 1880 1240 1906 e
1260 1864 1450 1919 qualibet
1472 1864 1589 1904 tribu

126 1921 178 1961 ad
198 1923 371 1977 publica
399 1939 571 1965 munera
596 1923 790 1965 obeunda
812 1922 1101 1978 eligebantur,
1142 1922 1218 1976 qui
1250 1937 1286 1962 e.
1319 1937 1359 1976 g.
1391 1921 1590 1962 conficie-

126 1978 230 2018 bant
255 1990 463 2021 trecentas
495 1981 712 2021 triremes:
742 1979 841 2019 dein
875 1993 969 2018 cum
991 1979 1035 2018 iu
1057 1979 1239 2034 singulis
1260 1978 1456 2018 tribubus
1482 1992 1590 2034 qua-

127 2035 321 2091 draginta
343 2042 664 2092 λειτουργοῦντες
688 2037 876 2085 fuerunt,
895 2034 1234 2090 quadringentae
1254 2049 1387 2075 naves
1408 2035 1589 2075 instrue·

129 2091 308 2134 bantur.
346 2093 461 2134 unde
480 2094 669 2146 Xenoph.
700 2092 752 2132 de
787 2092 894 2145 Rep.
934 2093 1088 2133 Athen.
1118 2109 1350 2146 τριηραρχοι
1376 2094 1590 2134 καθίσταν-

124 2166 188 2191 ται
219 2149 470 2205 τετρακόσιοι
503 2148 672 2192 ἑκάστου
711 2149 910 2191 ἐνιαυτοῦ.
979 2147 1047 2188 Ad
1075 2150 1274 2188 ultimum
1307 2148 1459 2188 delecti
1489 2156 1590 2187 sunt

128 2215 297 2246 centum
334 2207 493 2262 viginti
523 2221 545 2247 e
568 2205 760 2260 qualibet
780 2205 916 2253 tribu,
951 2220 1004 2245 ex
1026 2205 1179 2259 quibus
1207 2205 1426 2269 sexaginta
1451 2203 1590 2243 ditio-

126 2277 215 2314 res,
248 2265 469 2319 sexaginta
490 2272 610 2304 erant
630 2262 770 2301 minus
793 2261 1011 2315 opulenti,
1043 2271 1085 2303 et
1104 2261 1207 2302 haec
1225 2260 1401 2315 partitio
1425 2259 1592 2300 diceba-

126 2328 197 2359 tur
224 2323 437 2376 συμμορία.
496 2320 600 2359 Illae
633 2318 774 2359 decem
806 2321 1027 2372 συμμορίαι
1053 2317 1341 2358 conficiebant
1369 2317 1486 2357 mille
1508 2315 1591 2355 du..

129 2386 291 2428 centos,
325 2377 401 2432 qui
427 2375 611 2431 publicis
634 2374 935 2414 functionibus
960 2374 1140 2415 obnoxii
1163 2383 1295 2415 erant.
1353 2373 1467 2428 Quia
1490 2387 1590 2414 vero

127 2435 296 2487 saepius
327 2433 546 2474 accidebat
574 2433 619 2471 in
642 2430 786 2483 bellis,
817 2441 867 2470 ut:
888 2431 1030 2471 minus
1053 2430 1248 2485 opulenti
1270 2444 1426 2470 moram
1450 2444 1591 2484 quan·-

129 2489 222 2528 dam
245 2489 444 2530 afferrent
475 2487 736 2528 instruendis
759 2463 962 2539 xiavibus‚
994 2502 1073 2527 nec
1097 2496 1271 2540 possent
1287 2486 1371 2540 ipsi
1394 2500 1593 2526 necessa-

128 2546 233 2587 riam
263 2547 490 2599 pecuniam
528 2545 579 2585 de
609 2558 686 2583 suo
716 2545 909 2584 conferre
941 2545 988 2582 in
1020 2544 1265 2598 publicum,
1304 2556 1382 2582 nec
1414 2542 1590 2582 ditiores

128 2605 287 2643 vellent
311 2614 505 2656 sumptus
527 2600 800 2655 suppeditare
825 2600 964 2640 minus
989 2600 1202 2655 opulentis
1224 2598 1323 2640 dein
1345 2598 1589 2646 solvendos.
