1664 3016
116 132 199 172 712
723 128 845 169 VIII.
904 131 972 172 91.

120 241 191 296 μὲν
217 243 426 293 διαιτητεῖν
452 239 682 293 παραδούς·
713 250 882 293 partem
903 257 993 281 vero
1013 243 1148 282 tradit
1171 243 1351 283 arbitris
1377 243 1573 284 deciden-

120 299 230 340 dam.
289 304 438 336 szmx.

230 352 273 396 τὸ
294 354 420 423 μὲν]
427 355 520 394 Ms.
538 355 586 395 τί.
645 361 754 397 IuNG.

232 407 370 453 α’ποστ.
395 407 556 462 ἅπροστ.
576 412 590 463 ]
623 410 753 451 Abest
773 425 794 450 a
816 409 862 453 C.
900 411 950 453 A.
970 413 1255 484 ἀπροστασίου.
1312 419 1458 455 Kussmc.

230 465 370 510 ἆποστ.
397 465 559 520 οἷπροστ.
576 468 594 522 ]
639 468 956 520 Harpocratio
944 482 989 508 m
1007 466 1187 538 ἡγεμόνα
1217 472 1486 523 δικαστηρίου.
1527 479 1572 510 et

118 524 333 579 Aristoplz.
357 525 489 567 schol
510 524 558 564 ad
584 525 659 563 ista
685 525 727 566 ἐν
748 526 928 577 Σφηξὶν,
956 549 1014 558 -—
1035 543 1088 576 ως
1106 525 1174 568 τὸν
1195 527 1462 582 πολέμαρχον·
1493 527 1570 567 ubi

119 595 292 635 quoque
311 581 523 622 eruditiss
550 582 665 620 Flor.
693 582 939 623 Christiani
957 593 1077 623 notas
1098 583 1179 623 adi.
1228 589 1347 623 Imm.

228 637 415 693 κλήρων]
447 638 492 679 C.
517 640 565 678 Α.
586 637 736 691 κληρου
752 641 973 691 μετοίκων·
1006 637 1158 693 κληρου
1174 639 1431 693 νοὶκληρων·
1455 639 1573 694 quod

117 694 313 734 ultimum
332 695 458 736 etiam
484 693 529 736 C.
558 695 615 737 V.
638 696 843 750 agnoscit.
886 698 1051 735 Petitue
1084 697 1128 735 in
1151 699 1199 736 L.
1223 698 1277 736 L.
1300 697 1465 736 Atticas
1487 700 1572 751 leg.

117 754 327 805 μετοίκοις.
359 751 458 791 vide
477 761 518 792 et
539 752 702 805 corrige
725 751 826 790 hinc
848 752 1024 792 suidam
1043 768 1149 794 voce
1168 755 1423 808 πολέμαρχος.
1455 755 1572 794 conf.

122 809 260 847 Vales.
286 809 414 848 Notis
437 808 480 847 in
513 810 722 860 Har-poor.
752 819 796 847 et
823 810 976 849 Meam.
1010 810 1132 852 Lect.
1163 813 1245 851 Διῒ.
1267 809 1343 854 lib.
1366 826 1418 850 11.
1441 825 1476 851 c.
1511 808 1571 854 14,

117 864 194 904 ubi
213 875 327 905 recte
351 865 640 904 Callimachus
662 864 819 904 dicitur
842 866 999 918 primus
1016 867 1150 907 fuisse
1164 866 1339 907 Athenis
1360 867 1572 906 Polemar-

117 921 244 974 chus,
281 932 370 962 erat
401 922 514 962 enim
549 936 641 975 pars
668 939 746 963 των
767 923 894 964 ἐννέα.
955 924 1050 963 Lex
1075 934 1163 963 erat
1187 926 1273 962 lata
1299 922 1413 978 apud
1431 922 1573 963 Athe-

116 977 298 1030 niemes,
331 988 379 1017 ut
407 979 648 1032 πολέμαρχος
671 979 715 1016 in
735 980 824 1017 acie
848 978 998 1018 dextro
1020 981 1169 1019 cornui
1192 988 1413 1033 praeesset.
1443 980 1574 1020 Hero-

116 1034 241 1074 dotus
274 1036 316 1074 in
348 1036 507 1084 Erato,
549 1035 625 1074 ubi
651 1034 790 1075 decem
821 1035 1002 1075 ducibus
1025 1036 1293 1077 undecimum
1315 1034 1573 1091 ψηφοφόρον

117 1091 341 1132 accessisse
365 1092 494 1132 refert
509 1091 579 1133 τὸν
598 1096 653 1148 τῷ
671 1091 812 1149 κυάμῳ
836 1090 1005 1145 λαχόντα
1023 1098 1102 1136 τῶν
1120 1091 1357 1146 Ἀθηναίων
1377 1100 1572 1149 πολεμαρ-

113 1154 205 1201 χεῖν.
244 1148 472 1188 Valesius
461 1162 503 1186 m
526 1136 653 1189 Notis
673 1163 748 1201 pro
763 1153 874 1204 φυλη
892 1150 1001 1190 forte
1025 1151 1172 1204 inquit
1191 1155 1321 1208 βουλη
1332 1150 1572 1205 legendum.

117 1203 236 1256 mihi,
260 1215 307 1244 ut
326 1204 431 1252 dixi,
456 1205 989 1252 videtur‚P01emarchum
1011 1217 1124 1246 sonte
1147 1207 1346 1247 divisisse
1367 1221 1475 1262 quae
1495 1209 1572 1247 Ar-

117 1261 272 1300 bitris'
261 1275 304 1299 m
340 1261 521 1317 singulis
545 1262 785 1311 tribulibus,
819 1277 980 1317 quaeve
1005 1263 1220 1303 iudicibus
1241 1263 1502 1304 debebantur
1520 1279 1573 1304 ex

116 1318 254 1357 causis
277 1317 327 1357 ad
349 1331 469 1356 suum
491 1319 630 1357 forum
650 1318 980 1372 pertinentibus.
1037 1326 1183 1360 Kussmc.

226 1374 457 1431 μετοίκου.]
489 1377 584 1415 MS.
603 1378 808 1428 μετοίκων.
867 1380 950 1416 san.

227 1433 451 1486 μετοίκου.]
483 1432 576 1473 MS.
600 1441 745 1472 noster
767 1442 809 1473 et
829 1431 964 1470 seben·
985 1434 1195 1484 μετοίκων,
1226 1432 1358 1485 sedhi
1382 1432 1463 1472 iam
1479 1434 1571 1474 fue-

113 1498 215 1528 runt
235 1493 364 1543 paulo
387 1498 504 1529 ante:
545 1488 648 1543 quid
681 1489 850 1543 itaque,
890 1490 925 1527 si
949 1488 1021 1528 hic
1038 1493 1240 1543 μετοικίου
1260 1489 1568 1530 em‘endandum

116 1544 338 1586 dicamus?
373 1545 424 1586 de
454 1559 538 1598 quo
569 1545 666 1585 vide
695 1546 863 1599 prolixe
885 1545 1297 1598 Harpocrationem
1285 1561 1329 1585 m
1349 1548 1569 1598 μετοίκιον·

114 1605 328 1654 μετοικίου,
350 1613 397 1642 ut
419 1616 541 1656 supra
561 1601 779 1658 segm.51.
804 1603 991 1644 ἐνοικίου.
1025 1614 1112 1642 etat
1131 1605 1295 1644 scilicet
1309 1602 1433 1651 illud,
1454 1603 1570 1657 quod

114 1659 270 1701 ἐτέλουν
289 1657 371 1701 κατ’
391 1661 474 1708 ἔτος
492 1662 533 1702 οἱ
549 1660 739 1712 μέτοικοι·
772 1659 932 1713 quique
953 1674 1037 1698 non
1061 1659 1298 1705 solvebant,
1330 1660 1365 1698 si
1386 1660 1570 1699 convin-

116 1716 330 1765 cebantur‚
363 1717 558 1756 solebant
589 1716 728 1757 vendi.
789 1716 885 1755 Hoc
906 1725 1042 1754 tamen
1066 1722 1265 1769 πωληταῖς
1286 1716 1488 1755 tribuitur
1510 1727 1571 1756 et·

115 1773 196 1811 iam
230 1787 251 1812 a
282 1749 434 1812 N’ostro
457 1773 568 1812 infra
589 1787 717 1828 segm
744 1786 810 1829 99.
875 1772 965 1810 Viri
996 1772 1139 1827 itaque
1163 1773 1279 1812 docti
1301 1773 1424 1813 aliter
1439 1787 1567 1842 opem

115 1830 276 1879 serent,
316 1830 351 1869 si
373 1844 449 1869 nos
484 1845 568 1868 non
587 1840 712 1870 recte.
770 1830 1017 1868 Aristotelis
1040 1830 1141 1869 alias
1166 1829 1288 1870 verba
1310 1831 1352 1872 ἐν
1372 1834 1422 1887 τῇ
1439 1825 1571 1884 Ἀθη-

112 1889 241 1928 ναίων
269 1889 446 1930 πολιτεία
477 1886 527 1925 de
560 1885 835 1926 Polemarcho
869 1885 980 1954 apud
1017 1886 1226 1938 Har-poor.
1259 1887 1302 1925 in
1325 1889 1570 1942 πολέμαρχος

114 1953 240 1983 sunt:
258 1941 378 1993 αυτός
393 1961 434 1986 τε
453 1941 602 1998 εἰσάγει
625 1946 749 1992 δίκας,
767 1940 837 1991 τάς
855 1959 894 1984 τε
914 1937 1172 1994 αποστασίου,
1193 1945 1259 1985 καὶ
1278 1939 1568 2016 αντροστασίου,

111 2001 177 2041 καὶ
206 1999 390 2052 κλήρων,
423 2018 490 2042 και
517 1998 758 2053 ἐτικλήρων,
789 2005 870 2047 τοῖς
903 2002 1120 2052 μετοίκοις,
1152 2019 1218 2042 και
1246 1995 1366 2043 wazu
1389 2015 1466 2044 οσα
1485 2005 1570 2052 τοῖς

111 2058 292 2106 πολίταις
311 2053 333 2098 ὅ
353 2057 498 2110 ἅρχων,
530 2062 652 2099 ταῦτα
669 2063 752 2104 τοῖς
771 2058 967 2110 μετοίκοις
989 2055 1010 2098 ὁ
1030 2059 1286 2111 πολέμαρχος.
1343 2065 1454 2101 que.

223 2116 421 2168 μετοίκου.
439 2115 462 2166 J
487 2114 594 2162 Cum
613 2114 836 2152 Kueknio
826 2128 869 2150 m
895 2123 1017 2153 textu
1038 2116 1210 2168 reposui
1232 2117 1441 2169 μετοίκων,

223 2227 316 2279 περὶ
338 2227 588 2280 παρέδρων]
621 2226 667 2268 C.
690 2227 738 2267 A.
759 2244 800 2269 π.
823 2228 1034 2279 παρέδρου.
1092 2235 1236 2269 Kumm.

224 2283 415 2337 πάρεδροι
435 2282 500 2336 δ’]
533 2281 623 2325 MS.
645 2282 839 2338 πάρεδροι
859 2285 900 2326 δὲ
923 2281 1010 2327 οὖν.
1044 2283 1094 2326 de
1114 2285 1180 2323 his
1198 2285 1285 2325 vid.
1310 2281 1565 2339 Sigamlibr,

114 2356 179 2380 ιν.
206 2340 256 2380 de
280 2340 461 2395 Republ,
485 2341 636 2380 Athen.
664 2356 760 2394 cap.
791 2341 827 2382 5.
855 2341 941 2382 vid.
972 2352 1015 2382 et
1035 2341 1084 2381 de
1115 2342 1194 2380 hac
1217 2356 1320 2382 voce
1343 2343 1424 2381 alia
1451 2342 1566 2395 apud

115 2400 294 2437 Nunnes.
317 2399 361 2436 in
387 2397 625 2438 Herodiani
648 2398 928 2452 fragmentum
950 2398 1198 2438 adiunctum
1223 2400 1461 2452 Phrynicln'
1486 2401 1568 2440 Ec-

109 2455 219 2508 ]ogis
242 2455 372 2495 Attio.
400 2469 504 2495 voce
524 2453 743 2507 πάρεδρον.
801 2461 910 2497 Iuno.

224 2511 418 2567 πάρεδροι
439 2513 535 2566 etc.]
566 2513 854 2564 Εζγηιοίοέζιιηι
867 2511 964 2552 vide
985 2513 1027 2551 in
1052 2528 1156 2562 voce
1174 2522 1216 2552 et
1241 2513 1433 2563 Suidam.
1463 2513 1568 2552 Pol-

112 2570 184 2607 lux
210 2577 348 2607 a'utem
374 2569 490 2619 haec,
522 2579 569 2607 ut
588 2572 786 2622 pleraque
806 2569 905 2613 alia,
940 2584 992 2608 ex
1011 2573 1237 2610 Aristotele
1257 2570 1307 2609 de
1327 2570 1563 2623 Repubiica

114 2627 442 2678 Atheniensium,
465 2627 583 2665 cuius
603 2626 725 2665 verba
747 2625 857 2680 apud
872 2626 1240 2678 Harpocrationem
1261 2630 1388 2682 leges,
1412 2628 1568 2667 hausit.
