1696 3028
694 152 794 196 VII.
854 157 921 198 24.
1462 155 1541 197 251

78 256 240 324 agisne,
263 260 316 310 ¹et
329 264 510 325 'proprie
530 267 583 310 de
604 281 716 324 equo
739 266 912 319 dicitur,
944 263 1018 323 qui
1040 276 1124 310 stat
1155 267 1208 308 ad
1225 261 1398 323 plenum
1426 282 1544 322 prae-

78 340 191 381 sepe.
219 332 365 367 Romu.
1247 327 1250 330 ’

190 385 381 442 κριθιᾷν]
412 382 504 427 MS.
521 383 691 439 κριθίαν
705 380 920 426 mendose.
942 380 995 422 de
1006 381 1212 439 κριθιᾶσει
1235 396 1444 439 equorum
1468 397 1543 421 su-

77 454 152 495 pra
173 455 205 492 1,
234 451 336 496 209.
365 448 474 484 Imm.

134 514 135 517 ¹
189 496 391 552 Αἰσχύλος
407 497 514 555 ete-J
543 497 746 554 Aeschyli
761 499 883 539 locus
905 506 1023 538 extat
1043 496 1090 538 in
1099 501 1410 552 Agamemnone
1431 497 1545 537 hunc

77 556 124 597 in
145 554 335 598 modum:

546 635 604 646 -
622 610 695 656 τόν
714 613 756 656 δὲ
775 611 830 667 μὴ
851 607 1079 669 πειθάνορα

356 668 479 723 ζεύξω
496 672 696 726 βαρείαις·
726 668 815 714 οὔτι
837 667 892 725 μὴ
912 670 1187 728 σειρασφόρον
1210 688 1213 691 ’

354 733 563 786 κριθῶντα
578 734 716 772 πῶλον
732 751 791 760 -

555 809 614 818 —
635 787 945 840 immorigerum
975 798 1070 824 vero

356 845 536 898 iungam
564 843 625 883 ad
658 857 832 884 currum
862 843 991 896 gravi
1017 856 1170 897 manu,
1206 839 1546 896 haudquaquam

463 899 662 954 funalem

349 956 620 1010 ferocientem
634 958 806 1011 pullum
824 978 882 989 -

79 1008 281 1068 Aegisthi
302 1014 434 1056 'verba
454 1025 570 1068 sunt,
599 1014 755 1071 quibus
776 1013 964 1054 minatur
983 1011 1208 1068 imperium
1227 1025 1350 1053 uuum
1373 1010 1547 1053 detrec-

79 1071 192 1112 tanti
223 1071 371 1127 iugum
401 1081 445 1113 et
471 1075 722 1126 plaustrum,
766 1069 819 1111 ad
855 1070 970 1125 quod
993 1070 1114 1110 illum
1142 1069 1367 1111 iuncturus
1399 1070 1458 1110 sit
1499 1069 1545 1109 vi

81 1139 124 1170 et
151 1142 352 1168 manuum
379 1131 487 1184 lege,
519 1129 604 1179 ita,
633 1137 683 1168 ut
713 1142 798 1169 non
820 1128 876 1167 sit
899 1128 1058 1168 funalis
1085 1141 1233 1183 equus,
1263 1127 1338 1184 qui
1358 1127 1545 1168 melioris

79 1188 192 1226 solet
215 1199 307 1228 esse
331 1186 611 1235 conditionis,
645 1195 798 1240 utpote
827 1200 850 1225 a
879 1186 982 1240 iugo
1013 1185 1231 1228 immunis.
1256 1184 1335 1225 sub
1364 1187 1546 1240 βαρείαις

81 1241 410 1298 intelligendum
426 1246 549 1299 χερσί.
580 1246 744 1298 βαρείας
761 1249 891 1298 χεῖρας
907 1243 1055 1285 ἐποίσει
1074 1243 1240 1298 integre
1265 1241 1375 1281 dicit
1392 1245 1546 1282 Home-

80 1315 157 1339 rus
175 1298 298 1342 Iliad.
321 1317 362 1342 α.
393 1298 491 1341 dein
523 1303 618 1357 lege
647 1315 701 1340 ex
724 1302 900 1340 Polluce
929 1297 1188 1354 σειραφόρος,
1222 1299 1316 1340 sine
1341 1302 1474 1340 altero
1508 1314 1542 1341 σ.

78 1355 272 1398 Isidorus
290 1355 388 1398 libr.
413 1371 551 1399 xvnx.
574 1372 663 1412 cap.
683 1355 753 1398 55.
810 1356 986 1397 Latinis
1009 1357 1146 1398 literis
1177 1357 1398 1398 siraforos.
1430 1358 1546 1395 Tan-

80 1414 176 1460 dem
186 1413 446 1468 iuAesehylo
468 1415 620 1454 melius
643 1423 805 1455 extaret
824 1417 1048 1469 κριθιῶντα
1067 1432 1108 1456 π.
1122 1428 1144 1454 a
1166 1410 1358 1469 κριθιᾶω,
1393 1414 1546 1466 Sopho-

79 1473 161 1512 cles
180 1469 351 1526 quidem
373 1480 552 1512 testatur
574 1471 712 1512 fuisse
736 1471 841 1511 olim
865 1472 911 1511 in
933 1486 1012 1511 usu
1033 1472 1161 1513 etiam
1180 1469 1337 1526 κριθόω
1360 1480 1411 1510 ut
1432 1468 1545 1525 βοάω

79 1537 123 1569 et
142 1525 243 1583 βόω.
275 1537 340 1569 est
357 1538 499 1570 autem
525 1528 672 1569 Attica
699 1528 866 1568 locutio
885 1524 1096 1585 κριθῶσης
1123 1530 1254 1583 οἴνου,
1289 1526 1546 1573 subintelle-

80 1594 152 1626 cto
176 1586 308 1629 ἕνεκα.
364 1586 591 1641 Aeschylus
609 1585 655 1625 iu
676 1585 836 1627 Persis:

249 1640 395 1698 τάχυνε
413 1638 472 1698 δ’,
504 1641 561 1694 ὥς
577 1642 786 1696 ἄμεμπτος
808 1636 842 1686 ὦ
859 1639 1024 1700 χρόνου.

247 1699 441 1754 Propera,
470 1715 522 1740 ne
539 1701 587 1740 ob
607 1715 768 1740 moram
787 1704 868 1740 sim
888 1715 984 1741 reue
1003 1701 1162 1745 datam.
1192 1706 1338 1746 Ktmmz.

192 1756 394 1813 Αἰσχύλος
411 1757 514 1814 etc.]
544 1756 748 1812 Αἰσχύλος
777 1768 858 1805 etc,
881 1754 1139 1813 ἆρτοπωλίαν
1160 1772 1255 1799 cum
1282 1757 1436 1800 mediis
1470 1757 1546 1800 de-

80 1823 184 1855 suut
207 1815 252 1854 in
275 1814 375 1858 MS.
396 1814 501 1856 adeo
522 1825 572 1857 ut
589 1814 690 1855 inde
708 1816 950 1869 Sophocleis
979 1816 1085 1870 istis,
1116 1815 1192 1867 ἕως
1215 1814 1311 1859 ὅτου
1338 1816 1549 1872 κριθῶσης

82 1874 202 1916 οἷ’νου
222 1874 341 1912 nulla
369 1871 546 1915 medela.
575 1872 661 1912 nisi
682 1872 800 1927 quod
825 1871 1048 1930 κριθιώσης
1073 1872 1172 1917 ὄνου
1200 1873 1430 1929 legendum
1463 1888 1547 1929 pu-

82 1939 188 1970 tem.-
218 1928 337 1984 quod
357 1928 529 1983 quidem
552 1929 705 1984 probat
726 1939 872 1971 noster
894 1931 1141 1971 Salmasius
1163 1944 1348 1987 quoque.
1379 1938 1489 1973 Imm.

197 1986 437 2039 Σοφοκλῆς]
469 1988 609 2027 Locus
620 2001 708 2026 non
729 2001 873 2028 carens
890 1987 1034 2029 mendi
1056 1989 1317 2044 suspicione.
1337 1990 1396 2031 H.
1409 1989 1547 2042 steph,

81 2042 433 2098 interpretationi
456 2057 555 2099 ergo
577 2053 626 2084 ut
645 2052 687 2085 et
708 2046 904 2085 locorum
923 2046 1121 2098 aliorum,
1153 2060 1262 2102 quae
1292 2044 1434 2087 nihilo
1454 2049 1549 2102 pla-

81 2100 222 2154 nim-a,
253 2097 480 2156 συγγνώμη.
512 2106 594 2140 San.

195 2155 408 2211 κριθῶσης
437 2159 592 2207 οἰ’νου.]
628 2158 992 2213 Falckenburgius
1023 2158 1228 2218 κριθώτης
1257 2156 1366 2211 ὄνος.
1406 2170 1471 2202 est
1505 2170 1549 2202 et

83 2214 161 2271 qui
182 2214 363 2256 coniicit
380 2213 607 2270 lege-ndum
627 2213 849 2271 κριθιώσης
864 2216 978 2260 ὄνου.

197 2268 465 2329 ἇρτοπωλίαν]
497 2267 750 2323 ἆρτοπωλίαν
779 2283 858 2314 etc.
885 2277 1007 2318 πίττω
1036 2289 1131 2316 cum
1161 2272 1314 2315 mediis
1349 2273 1504 2314 absunt
1525 2288 1549 2314 a

85 2329 138 2375 C.
156 2328 207 2370 A.
230 2339 328 2369 ante
350 2327 506 2385 βράττει)
531 2338 596 2369 est
617 2329 784 2379 titulus,
815 2331 906 2388 περὶ
932 2336 1006 2375 τοῦ
1024 2331 1222 2388 βράτνηιν.Υ
1255 2330 1356 2372 inde
1376 2342 1519 2371 textus
1535 2344 1548 2371 ἶ

85 2388 185 2440 ἐρεῖς
217 2385 261 2430 δὲ
290 2389 427 2438 πίττω,
469 2385 524 2437 ὥς
548 2382 867 2442 Ἀριστοφάνης,
897 2391 1020 2432 πίττω
1053 2390 1096 2432 δὲ
1121 2387 1149 2444 ἦ
1178 2387 1363 2442 πτισάνη.
1395 2387 1549 2443 βράττω

86 2455 167 2485 etc.
195 2453 293 2497 post
316 2448 475 2486 καταλῶ
501 2445 734 2499 marginale
753 2455 839 2485 est:
870 2447 938 2489 καὶ
967 2445 1012 2489 τὸ
1040 2447 1366 2501 περιεπτισμένοι
1392 2442 1550 2494 τούτοις

84 2498 293 2555 προσήκει,
325 2503 395 2544 καὶ
418 2498 462 2544 τὸ
491 2496 603 2543 ἆλεῖν
633 2501 674 2543 δὲ
697 2518 761 2542 πτ.
782 2502 942 2557 ἐλέγετο,
974 2505 1044 2547 καὶ
1062 2503 1144 2559 μὴν
1165 2506 1235 2546 καὶ
1257 2501 1299 2544 τὸ
1323 2519 1392 2556 φρ.
1416 2503 1484 2543 καὶ
1504 2500 1550 2543 τὸ

85 2575 124 2600 κ.
143 2557 303 2607 τούτοις
321 2563 534 2612 συνῆπται.
567 2557 639 2598 hic
663 2556 822 2598 desinit
838 2560 1083 2616 marginale.
1113 2563 1243 2602 Salm.
1273 2561 1395 2601 πίττω
1416 2558 1553 2601 α’πισῶ

86 2618 133 2653 in
159 2615 283 2657 MSS.
305 2616 505 2654 scribitur
522 2617 652 2657 πίπτω
673 2624 713 2654 et
734 2630 829 2654 mox
843 2617 963 2671 infra
980 2616 1099 2670 δεύω,
1129 2619 1269 2664 πέττω,
1294 2620 1463 2658 καταλῶ.
1483 2618 1551 2659 πί-

85 2688 170 2715 πτω
194 2671 235 2714 δὲ
253 2671 318 2714 καὶ
339 2670 365 2727 ἡ
385 2671 569 2727 πτισάνη.
602 2674 709 2713 haec
732 2671 820 2714 ille.
850 2680 994 2715 Kumm.
