1664 3016
130 122 214 172 850
738 119 863 161 VIII.
925 121 1019 165 151.

133 245 247 276 ctum
273 232 545 289 ponendum.
586 247 692 290 quae
716 234 829 274 enim
851 243 1089 288 sequuntur
1120 232 1361 300 ἀναστῆναι,
1393 247 1481 274 non
1509 247 1608 274 am-

132 293 249 348 plius
279 291 329 331 de
351 291 589 330 sententiae
609 290 801 331 dictione
824 301 948 342 sunt,
980 290 1052 332 sed
1075 291 1223 344 potius
1251 290 1304 331 de
1330 289 1415 332 fine
1435 289 1606 344 iudicii,

135 360 178 391 et
199 347 370 405 quando
391 358 574 403 surgunt
591 346 769 387 iudices.
827 354 931 387 Ιυιιο.

245 405 459 470 τιμᾶσθαι]
502 404 635 444 Actor
657 403 816 444 dicitur
835 419 929 444 cum
952 406 1150 443 mulctam
1173 403 1235 444 rei
1258 401 1417 443 delicto
1437 403 1608 445 consti-

136 463 234 504 tuit.
290 463 348 501 ita
372 460 484 515 apud
506 462 739 513 Dcogenem
768 476 822 511 ιι,
845 460 914 502 42.
942 462 1133 500 Socrates
1166 460 1334 530 i-nquit,
1354 459 1506 503 Ἑνεκα
1536 461 1609 516 μὲν

135 525 215 562 τῶν
235 519 323 572 ἐμοὶ
346 520 704 574 διαπεπραγμένων
723 535 899 587 τιμωμαι
919 517 992 571 τὴν
1009 520 1125 570 δίκην
1143 521 1216 571 τῆς
1238 518 1280 561 ἐν
1294 519 1523 573 πρυτανείῳ
1551 532 1609 560 σι-

136 574 314 629 τησεως·
348 575 418 614 cui
441 576 678 614 contrarius
700 574 860 615 dicitur
874 571 1158 629 ἅντιτιμᾶσθαι
1178 588 1272 614 reus
1290 588 1384 614 cum
1402 575 1609 616 leviorem

139 634 227 673 sibi
266 635 465 672 mulctam
509 630 726 687 designat:
767 631 866 673 vide
907 631 961 672 ad
995 634 1206 686 Diogenis
1240 633 1384 672 locum
1413 631 1608 674 Doctiss.

139 691 399 743 Dsenagium,

253 745 559 800 ἀπαναστῆναι]
589 746 761 787 Deest·
749 761 794 785 m
814 745 916 788 MS.
940 743 1231 801 ἀπαναστῆναι.
1289 751 1395 786 que.-

254 822 331 848 ουκ
348 802 456 858 εἶξα]
490 803 663 843 Novum
694 803 765 843 hic
790 813 919 858 caput
937 803 983 842 in
1005 803 1095 845 MS.
1118 814 1161 844 et
1178 801 1434 873 praeflgitur
1456 800 1529 843 hic
1549 801 1613 842 ti-

141 865 282 903 tulus.
317 862 407 917 περὶ
427 865 504 904 τοῦ
529 878 604 903 ουκ
621 860 720 913 ήξα,
753 866 1016 929 συμφρονεῖν,
1047 861 1114 903 καὶ
1137 878 1190 915 μη
1214 865 1476 929 συμφρονεῖν,
1506 855 1614 902 ὕπο·-

141 917 377 975 κρουόντων
401 919 441 961 δὲ
464 919 533 960 καὶ
553 918 722 961 ἐπαίνου
746 914 904 960 αυτῶν·
936 927 978 958 et
999 927 1086 957 tum
1115 917 1215 959 MS.
1237 913 1314 959 οὐκ
1331 919 1409 971 ῆξα
1430 916 1611 958 iterum:

143 975 217 1017 sed
236 990 362 1028 supra
379 989 538 1030 segm.
533 974 677 1027 Γ).περὶ
697 981 771 1017 τοῦ
789 974 842 1028 μή
862 972 960 1025 εἶξαι
981 984 1120 1015 tamen
1146 973 1342 1014 habebat.
1399 971 1480 1014 Sed
1492 973 1616 1014 lubet

144 1032 385 1073 adscribere
414 1046 522 1086 quae
547 1033 591 1070 in
612 1033 707 1073 MS.
732 1043 993 1102 sequuntur3
1026 1031 1189 1071 omittit
1209 1031 1322 1072 enim
1343 1031 1541 1084 plurima,
1571 1039 1617 1072 et

145 1090 249 1130 haec
278 1091 424 1128 saltem
457 1084 714 1131 habet-0132
719 1091 833 1159 ῆξα,
868 1085 943 1131 οὐκ
966 1090 1162 1140 ἐνέδωκα,
1194 1105 1265 1143 ουχ
1281 1085 1614 1157 ὗποκατειιλίθην,

147 1164 221 1191 ουκ
237 1148 394 1197 ἔξεστιν,
414 1143 658 1201 (mendose)
681 1142 753 1200 οὐχ
774 1143 981 1200 ὑπήχθην,
1006 1142 1057 1188 ου’
1074 1143 1306 1200 παρήχθην.
1330 1146 1399 1189 καὶ
1418 1144 1465 1187 τα
1476 1141 1617 1197 όμοια·

148 1208 422 1259 συμφρονεῖν,
454 1209 666 1253 συννοεῖν,
698 1206 1013 1257 συμβουλεῦσαι,
1045 1201 1366 1258 συγκεκράσθαι,
1402 1205 1615 1257 μεμίχθαι·

147 1264 267 1312 plura
298 1258 467 1316 quidem
502 1274 578 1313 pro
610 1260 792 1313 vulgatis
823 1274 960 1314 usque
984 1258 1035 1298 ad
1053 1261 1210 1312 ἔχεσθαι
1236 1257 1329 1300 MS.
1352 1273 1442 1299 non
1474 1259 1617 1299 habet.

150 1319 211 1358 Ut
241 1318 385 1369 itaque
420 1315 623 1371 quaedam
655 1316 926 1367 admoneam,
959 1316 1140 1370 primum
1163 1314 1241 1359 οὐκ
1257 1309 1355 1369 ἦξα,
1386 1325 1436 1355 ut
1459 1316 1504 1355 in
1524 1316 1618 1359 MS.

149 1373 279 1414 scribi
302 1372 467 1420 debuit,
494 1389 620 1428 quum
640 1388 715 1428 per
735 1391 761 1427 η
783 1374 912 1423 velit,
944 1387 1032 1412 non
1058 1388 1229 1442 quoque
1249 1372 1440 1412 damnari
1463 1382 1619 1427 potest.

148 1431 383 1483 Hesychius
404 1429 517 1471 enim
537 1431 579 1469 id
604 1430 814 1500 agnoscit,
840 1429 1051 1470 scribens:
1071 1431 1165 1487 ‘ng-gv
1186 1448 1210 1483 η
1192 1427 1328 1480 Ἃεῖξε·
1360 1433 1621 1484 συνεπείσθη,

151 1486 405 1556 υπηκουσεν·
445 1486 517 1527 sed
549 1490 724 1527 alterum
751 1504 828 1530 ουκ
856 1485 940 1538 εἶξα
969 1485 1028 1525 ita
1060 1475 1173 1542 apud
1197 1487 1540 1536 Demosthenem,
1569 1502 1624 1528 ex

154 1560 240 1600 quo
262 1541 364 1598 υπὲρ
390 1557 502 1597 στεφ.
526 1543 749 1583 adferunt:
790 1541 864 1618 ἐγώ
885 1543 956 1598 μὲν
977 1547 1032 1596 τῷ
1051 1543 1227 1587 Πυθωνι
1249 1543 1540 1608 θρασυνομένῳ
1555 1545 1625 1587 καὶ

152 1600 286 1657 πολλῷ
304 1602 434 1656 ρὲοντι
457 1598 560 1642 καθ’
577 1598 690 1653 ὑμῶν
713 1619 789 1643 ουκ
814 1599 919 1652 εἶξα,
963 1586 1053 1643 οὐδ’
1078 1598 1152 1644 ὖπε
1155 1598 1327 1656 χώρησα.
1368 1602 1487 1641 Haec
1509 1601 1623 1641 enim

153 1659 280 1700 verba
308 1659 399 1712 ipsa
419 1659 729 1708 Demosthenis,
759 1657 864 1698 adeo
879 1668 926 1697 ut
942 1657 1012 1698 hic
1031 1662 1251 1712 vulgatum
1271 1669 1435 1698 textum
1447 1657 1622 1698 audeam

153 1715 377 1759 emendare
399 1726 440 1755 et
462 1718 622 1770 legere:
656 1710 730 1758 οὐκ
754 1713 850 1767 εἶξα,
887 1732 960 1770 ουχ
986 1712 1240 1771 ὑπεχώρησα,
1273 1729 1362 1755 non
1383 1710 1458 1758 οὔκ
1477 1712 1627 1769 ἐπεχώ-

155 1787 272 1829 ρησα,
304 1783 352 1812 ut
377 1775 507 1828 vulgo
533 1782 607 1812 est.
667 1778 772 1815 ΙυΝο.

269 1847 347 1872 ουκ
368 1827 471 1880 εἶξα,
504 1846 579 1871 ουκ
612 1827 873 1886 ἑπεχώρησα]
917 1825 1157 1884 απεχιόρησα
1176 1828 1372 1870 emendat
1390 1829 1624 1880 Kuehnius,

156 1887 228 1927 cui
253 1896 364 1927 certe
380 1887 720 1939 langermannm'
741 1885 1082 1927 emendationem
1110 1886 1359 1941 praeferam,
1391 1885 1490 1940 quia
1512 1887 1627 1940 capi-

156 1943 214 1983 tis
238 1942 482 1983 duodecimi
505 1942 590 1982 fine
620 1941 862 1998 υποχωρῶν,
884 1942 1238 1998 κατακλινόμενος,
1270 1957 1346 1997 pro
1370 1957 1454 1997 quo
1482 1954 1628 1997 poste-

157 2001 264 2040 riori
294 2015 389 2038 cum
412 1997 832 2069 ὑποκατακλινόμενος
853 2003 1010 2055 legeret
1021 2002 1250 2053 Αιιεήηιιιε,
1282 1999 1397 2040 haud
1417 1998 1546 2040 dubie
1564 2014 1628 2039 re·

158 2057 303 2111 spexit
326 2055 378 2095 ad
409 2071 589 2110 sequens
615 2054 964 2110 υποκατεκλίθην·
994 2057 1066 2098 sed
1095 2057 1322 2112 ἐπεχώρησα
1344 2070 1434 2096 non
1455 2065 1630 2096 mutau-

160 2113 288 2154 dum:
313 2115 532 2182 ἐπιχωρεῖν
549 2115 641 2165 τινὶ,
672 2115 885 2154 concedere
904 2116 1056 2164 alicui,
1088 2116 1221 2154 locum
1244 2114 1397 2154 cedere.

275 2165 324 2212 οὗ
354 2170 601 2224 παρήχθην]
645 2172 748 2211 Post
777 2168 996 2224 παρήχθην
1019 2171 1092 2210 hic
1117 2181 1324 2225 punctum
1349 2184 1485 2225 pone.
1518 2185 1630 2226 quae

160 2228 272 2268 enim
290 2236 554 2282 sequuntur,
596 2227 857 2282 peculiarem
883 2228 1054 2268 modurn
1073 2241 1217 2268 rursus
1234 2227 1410 2270 habent.
1465 2233 1572 2268 Iuno.

276 2342 529 2397 συμφορεῖν]
563 2340 632 2381 An
665 2289 943 2396 συμφωνέῖῗξ.
967 2357 1061 2382 οιιιιι
1085 2356 1214 2398 segm.
1237 2355 1327 2397 seq.
1351 2342 1569 2396 συμφωνία
1588 2350 1632 2382 et

163 2408 303 2440 contr.
327 2403 564 2452 διαφωνεῖν.
622 2404 706 2439 San.

278 2455 521 2511 συμφορεῖν]
546 2457 631 2495 Pro
650 2461 889 2510 συμφορεῖν,
901 2455 1015 2510 quod
1038 2456 1081 2495 in
1103 2465 1251 2495 nostro
1264 2455 1359 2496 MS.
1378 2469 1465 2495 non
1482 2464 1633 2504 exstat,

165 2517 307 2566 placet
328 2513 450 2552 valde
477 2513 613 2551 Seben·
637 2513 774 2552 nostri
800 2513 1061 2565 coniectura,
1092 2522 1140 2551 ut
1162 2515 1349 2565 legamus
1372 2518 1630 2566 συμφωνεῖν·

166 2585 295 2622 quum
320 2580 432 2609 certa
454 2568 554 2608 inde
570 2584 697 2625 segm.
713 2584 797 2625 seq.
820 2580 1020 2624 sequatur
1039 2572 1278 2622 συμφωνία·
1310 2579 1353 2610 et
1372 2584 1517 2610 eorum
1533 2583 1634 2608 con-

165 2626 293 2666 tiaria
316 2627 442 2667 etiam
467 2630 702 2680 διαφωνεῖν,
733 2636 776 2667 et
797 2629 1020 2680 διαφωνία·
1047 2626 1119 2666 sed
1142 2625 1264 2666 cubat
1283 2625 1423 2666 adhuc
1434 2640 1536 2690 mox
1547 2623 1636 2668 vid.
