1664 3016
177 104 262 149 656
775 100 896 143 Vm.
911 125 914 127 ·
951 103 1019 147 50.

180 225 317 256 tonum
343 213 596 265 Orationes,
628 227 731 267 quas
768 212 939 269 quidem
964 219 1044 257 ταῖν
1066 215 1312 258 ἕνδεικτικῶν
1338 212 1624 255 celeberrimas

180 270 453 313 Grammatici
472 279 687 319 statuunt,
717 280 779 310 est
799 280 841 310 et
859 272 1012 323 Lysiae
1030 270 1128 314 κατὰ
1140 269 1357 328 Ἀγοράτου
1376 272 1550 321 ἔνδειξις,
1580 269 1624 307 in

180 343 262 381 qua
285 329 475 381 pluscula
495 335 595 365 sunt
616 339 721 380 quae
743 325 845 365 huic
866 327 928 366 rei
945 330 1077 368 lucem
1094 327 1335 370 affundunt.
1352 325 1626 367 Videnduset

180 384 472 436 IlarpocratiO,
505 397 627 437 quem
653 397 706 421 ex
705 383 962 451 Etymologo
982 388 1175 438 suppleas
1193 386 1320 426 licet.-
1336 383 1546 433 ”Ενδειξις,
1577 380 1625 424 εἷ-

181 444 250 489 δος
270 442 383 493 δίκης
403 441 610 493 δημοσίας,
641 435 716 491 ὑφ’
739 456 795 508 ην
813 437 907 489 τούς
924 440 967 480 ἐκ
982 444 1060 482 τῶν
1079 439 1214 494 νόμων
1233 441 1487 497 εἰργομένους
1507 455 1626 480 τινων

179 515 207 550 ‘¹1
225 495 357 539 τόπων
373 494 400 549 ἢ
415 496 610 552 πράξεων,
643 498 677 538 εἰ
694 494 748 549 μὴ
772 492 978 548 ἀπέχοιντο
1002 494 1145 548 αυτῶν,
1174 495 1400 563 25m1yov38
1378 494 1484 536 adde
1503 497 1559 545 εἷς
1581 491 1625 537 τό

181 551 449 605 δικαστήριον.
480 554 608 592 Hunc
630 561 768 593 autem
789 554 977 591 Pollucis
996 554 1131 592 nostri
1152 557 1291 594 locum
1316 555 1420 593 citat
1442 551 1623 592 Salmas.

181 609 234 651 de
262 609 401 650 Modo
430 609 556 650 Usur.
589 607 807 664 pag-781.
866 609 1158 662 [Praestiterit
1188 624 1282 649 cum
1303 607 1428 652 MSS
1449 607 1623 663 legisse:

182 663 506 720 ὁμολογουμένου
525 661 767 719 ἀδικήματος
786 664 976 720 μήνυσις·
1004 666 1085 706 etsi
1103 666 1214 705 enim
1234 665 1313 706 hac
1331 678 1436 706 voce
1455 663 1626 705 absente

181 723 293 762 nihil
305 723 391 762 fere
407 722 547 762 damni
560 736 706 762 sensus
718 723 916 776 patiatur,
937 721 1155 762 fatendum
1170 732 1307 762 tamen
1317 736 1365 763 ea
1377 719 1572 760 adiecta
1560 734 1624 758 m·

181 782 395 819 tellectum
417 778 501 819 loci
522 782 656 818 multo
668 779 901 819 faciliorem
916 792 1003 819 esse
1013 787 1055 818 et
1066 777 1391 832 expeditiorem
1412 786 1624 830 praeterea

179 834 351 891 μήνυσις
367 849 443 887 pro
465 835 709 875 delatione
698 850 742 874 ιιι
768 835 916 875 Attico
940 835 1036 874 foro
1059 835 1254 899 frequent
1274 844 1317 874 et
1336 833 1408 873 hic
1426 846 1624 901 perquam

182 891 474 940 commodum,
508 890 607 932 inde
627 905 799 946 quoque
819 908 1008 946 μηνυτης,
1029 890 1221 930 delator
1209 905 1254 929 ιιι
1279 890 1414 929 Genu.
1435 887 1625 942 μήνυτρα,

180 949 400 988 delationis
417 951 623 1000 praemia,
655 962 833 1002 quotum
856 947 968 1002 apud
993 947 1250 987 Andocidem
1267 947 1360 1000 περὶ
1379 948 1627 1000 Μυστηρίων

182 1015 245 1044 est
274 1005 446 1046 mentio.
505 1005 658 1044 Postea
686 1004 730 1043 in
762 1006 999 1057 Etymologi
1026 1013 1068 1044 et
1099 1005 1456 1056 Harpocration&
1485 1001 1625 1043 verbis

179 1059 340 1131 απῆγον
361 1060 674 1101 reformandum
698 1059 844 1102 iudico
866 1075 944 1115 pro
964 1058 1132 1117 ὑπῆγον.
1189 1061 1256 1101 Ex
1276 1059 1506 1103 Addendie.
1520 1059 1537 1114 ]

294 1115 376 1161 ὅδὲ
388 1118 502 1186 ἐνδ.]
536 1117 626 1160 MS.
646 1114 709 1160 ὅδ’
727 1119 806 1161 ἐνδ.
864 1124 968 1157 Iunc.

289 1176 360 1217 ’ἵνα
378 1171 595 1226 unedo-‘T
578 1172 633 1216 tv’
657 1171 802 1217 ὖπεύθ.
823 1174 922 1215 MS.
979 1179 1089 1216 Iunc.

291 1232 486 1304 γίγνεται]
517 1229 611 1274 MS
633 1233 791 1302 γίνεται.
847 1237 953 1271 Iunc.

294 1305 389 1331 οταν
409 1288 492 1357 τὶς]
523 1287 618 1330 MS.
638 1284 700 1330 ἅτ’
721 1287 771 1331 α’ν
788 1305 858 1338 τις.
916 1293 1020 1330 Iunc.

295 1343 356 1386 ἐπ’
382 1341 629 1399 αὐτοφώρῳ]
659 1345 753 1388 MS.
777 1343 1056 1399 ἕπαυτοφόρῳ.
1089 1351 1131 1383 et
1149 1342 1258 1382 infra
1280 1356 1409 1412 segm.
1430 1342 1499 1399 69.
1514 1346 1628 1400 φορᾷ

185 1410 228 1443 et
258 1401 556 1455 ἐπαυτοφόρως.
597 1401 716 1456 prius
738 1401 844 1442 editi
868 1402 937 1441 hic
962 1401 1090 1442 etiam
1111 1396 1178 1443 ἐπ’
1198 1398 1409 1457 αὖτοφόρῳ
1430 1398 1625 1441 habuere.

182 1468 226 1499 et
248 1458 362 1527 apud
383 1458 666 1512 Hesychium:
695 1455 935 1512 αυτοφορία,
966 1453 1010 1500 ‘td
1029 1458 1092 1499 ἐπὶ
1108 1453 1210 1514 αὐτῇ
1231 1463 1354 1513 φορᾷ.
1383 1443 1468 1496 ubi
1486 1466 1623 1496 tamen

179 1516 293 1569 Sylb.
312 1511 545 1569 αυτοφωρία
562 1525 603 1555 et
625 1521 749 1572 φωρᾷ
766 1513 1019 1555 emendavit.
1075 1515 1133 1553 Et
1158 1527 1258 1553 sane
1279 1514 1324 1552 in
1345 1510 1406 1554 ἐπ’
1428 1511 1626 1555 αὕτοπτον

180 1572 295 1626 apud
316 1573 572 1624 Hesychium
589 1559 772 1624 additur,
803 1568 868 1614 ἐπ’
893 1569 1132 1641 αὐτοφώρῳ,
1163 1571 1223 1612 ἐπ’
1244 1567 1349 1623 ὄψει.
1407 1570 1465 1608 Et
1485 1570 1623 1608 statim

179 1629 293 1698 apud
327 1628 538 1670 eundem:
576 1625 876 1682 ἐπαυτοφαδες,
905 1624 972 1670 ἐπ’
999 1624 1236 1683 αυτοφώρῳ.
1291 1622 1385 1667 ’'En:
1404 1623 1626 1680 αὐτοφώρῳ

179 1685 221 1727 δὲ
249 1682 270 1728 ὃ
295 1689 481 1738 φανερῶς
507 1688 780 1739 καταληφθεις
805 1695 883 1727 etc.
925 1698 1002 1725 nec
1026 1685 1148 1724 aliter
1171 1686 1324 1724 volunt
1353 1681 1462 1723 hanc
1480 1697 1624 1725 vocem

180 1741 269 1783 viti
288 1741 405 1781 docti
426 1741 644 1782 emendate
667 1742 808 1783 scribi.
867 1747 974 1782 Iunc.

288 1796 445 1869 ἀπάγῃ]
479 1797 522 1838 G.
549 1798 599 1841 V.
618 1796 824 1868 ἀπαγωγὴ,
855 1801 938 1853 leg.
959 1813 1158 1855 απαγαγῃ.
1218 1802 1361 1836 Κυιιιιιι.

286 1852 535 1925 απάγῃ]Μ
539 1855 580 1896 S.
604 1873 802 1911 απαγαγῃ.
858 1861 966 1893 Iunc.

288 1909 435 1966 ἀπάγῃ.
426 1912 540 1963 .D]
546 1925 567 1950 e
589 1910 672 1951 hoc
690 1911 819 1951 verbo
846 1911 1023 1964 ipsaque
1041 1906 1235 1965 ἀπαγωγῇ
1251 1911 1372 1963 plura
1393 1923 1441 1949 ac
1459 1905 1624 1950 erudita

178 1967 302 2008 docet
324 1968 469 2008 Claud.
494 1968 731 2007 Salmasius
750 1967 801 2008 de
821 1966 960 2008 Modo
980 1966 1107 2010 Usur
1130 1981 1226 2022 pag.
1245 1980 1338 2023 779.
1358 1975 1400 2007 et
1421 1980 1536 2022 seqq.
1550 1965 1624 2005 ubi

175 2033 217 2065 et
235 2023 350 2063 hunc
372 2025 567 2062 Pollucis
588 2025 724 2064 nostri
757 2027 896 2064 locum
920 2023 1107 2065 adducit.

289 2133 311 2179 ὅ
343 2135 384 2178 δὲ
407 2137 617 2188 κίνδυνος,
656 2139 767 2191 etc.]
806 2137 935 2177 Mille
965 2135 1181 2176 drachmas
1210 2132 1556 2185 solvebat'actor,
1587 2134 1624 2173 si

178 2192 435 2234 delationem
466 2195 535 2233 vel
563 2192 789 2245 desereret,
829 2197 901 2234 vel
925 2208 1012 2233 non
1033 2193 1253 2247 probaret,
1284 2201 1326 2233 et
1345 2191 1390 2230 in
1412 2201 1624 2245 posterum

174 2264 261 2289 non
292 2248 473 2289 habebat
503 2258 754 2302 potestatem
784 2250 919 2290 dicam
950 2249 1182 2300 scribendi,
1213 2251 1282 2289 vel
1309 2246 1547 2288 adducendi
1576 2247 1622 2286 in

175 2305 398 2357 iudicium,
429 2307 498 2345 vel
520 2319 776 2363 quocunque
803 2307 932 2347 modo
957 2282 1182 2347 deferendi
1198 2305 1394 2359 aliquem,
1424 2313 1623 2359 tanquam

175 2362 325 2431 ἄτιμος,
355 2361 749 2414 infamis.KU1-3HN.

287 2415 309 2461 ὁ
337 2419 379 2460 δὲ
395 2420 610 2470 κίνδυνος,
613 2430 691 2461 etc.
695 2421 714 2473 ]
736 2421 864 2471 Haec,
887 2438 908 2462 ο
928 2420 969 2463 δὲ
987 2422 1180 2468 κίνδυνος
1199 2419 1241 2461 ἐν
1261 2418 1415 2473 χιλίαις,
1432 2415 1624 2456 habuisti

174 2485 216 2517 et
239 2489 365 2529 supra
387 2475 431 2513 in
461 2475 598 2515 verbis
621 2478 915 2516 Demosthenis
947 2494 1047 2519 κατα
1071 2473 1244 2545 Ἀνδροτ
1265 2488 1288 2513 a
1313 2488 1377 2513 me
1405 2472 1623 2513 adductis·

174 2531 263 2575 Οἷθν
280 2535 351 2585 τῆς
367 2535 543 2582 κλοπῆς
575 2533 745 2587 ε’ρῤωσαι
767 2551 834 2577 και
851 2538 985 2594 σαυτῷ
1006 2530 1222 2584 fvt-creusam
1252 2544 1397 2586 απαγε·
1429 2531 1471 2574 ἐν
1488 2532 1625 2585 χιλίαις

175 2589 216 2633 δὲ
238 2607 259 2631 ο
280 2591 479 2639 κίνδυνος.
538 2595 642 2629 Iunc.
