1664 3016
654 124 778 167 VIII.
840 130 934 170 140.
1439 135 1523 176 835

173 239 311 292 χρυσῷ
336 249 452 287 στεφ.
480 250 643 290 στεφαν.
670 243 808 296 θαλλῷ
832 237 981 295 α’γορ.]
1020 242 1180 281 Malam
1209 241 1436 283 lectionem
1466 242 1518 283 ad

55 302 244 331 mentem
278 295 588 346 langermanni
616 295 862 338 emendavi.-
893 311 971 350 pro
1001 295 1276 353 ἄγορευθῆναι
1299 300 1520 339 Kuelmiuae

62 361 237 403 quoque
273 346 601 404 ἀναγορευθῆναι
641 353 894 395 restituerat.
967 354 1136 395 Corona
1178 369 1283 395 vero
1322 364 1445 396 aurea
1479 357 1516 395 si

62 404 160 460 quis
194 420 215 444 a
247 409 408 459 populo
448 406 696 459 donaretur,
735 409 853 449 illius
890 411 1082 466 ingentia
1118 413 1244 465 plane
1289 411 1437 452 merita
1470 412 1516 451 iu

59 460 365 515 rempublicam
392 463 576 503 existere
607 465 855 518 oportebat,
891 467 1101 520 siquidem
1132 470 1277 507 nullus
1305 468 1414 508 alius
1438 468 1514 508 ho·

59 529 294 574 nos-aeque
322 533 372 558 ac
406 519 477 558 hic
507 531 618 561 esset
640 521 684 560 iu
710 523 865 575 pretio.
914 525 1112 575 στέφανος
1135 519 1335 576 ἇριστείας
1357 523 1518 564 dicitur

60 585 84 612 a
104 574 304 628 Polybio,
337 577 413 630 qui
439 584 618 631 propter
643 591 708 618 res
739 579 786 618 in
812 578 927 621 bello
959 579 1069 622 bene
1088 595 1137 622 ac
1165 581 1352 623 feliciter
1377 591 1516 637 gestas

59 629 161 671 duci
183 630 382 675 donatur.

740 697 834 737 140.

168 743 443 802 προτιμήσας]
472 748 818 803 Praerogativae.
841 751 907 795 Gt.
927 752 1178 806 προτίμησιςι
1197 754 1512 806 ΡΓΜΓΟΕΜῘΜ»

56 808 323 860 προτιμῶμαι,
347 804 577 856 praeferor.
632 813 777 850 Knmm,
1398 830 1402 836 ·

170 859 363 914 σιτήσεις]
400 859 584 914 σιτήσεις,
621 863 763 902 Victus
779 878 801 902 e
812 865 991 917 publico,
1022 880 1206 906 annona.
1237 865 1297 905 ita
1319 865 1513 905 Hadria.

57 930 137 956 rme
162 917 371 957 Pane-rati
403 919 562 959 Poetae
593 921 889 962 Alexandrino
928 921 981 961 ob
1017 925 1186 976 elegans
1228 932 1509 962 commentum

53 971 130 1027 τὴν
155 974 198 1016 ἔκ
230 979 418 1017 Μουσῶν
454 978 608 1028 σίτησιν
637 978 856 1030 ἐχαρίσατο.
887 979 1040 1021 Athen.
1070 978 1144 1017 lib.
1172 992 1243 1019 xv.
1274 992 1366 1032 cap.
1389 991 1429 1032 7.
1462 976 1509 1016 id

55 1040 143 1083 est,
173 1034 331 1071 victum
352 1034 394 1071 εἰ
411 1033 529 1070 dedit
546 1036 591 1073 in
614 1035 806 1085 Musaeo,
837 1034 950 1090 quod
974 1044 1063 1075 erat
1088 1034 1389 1075 Alexandriae.
1430 1047 1509 1073 eo·-

54 1087 148 1128 dem
171 1088 363 1143 pertinet
389 1088 576 1132 σύσσιτον
598 1089 714 1140 εἶναι,
747 1094 794 1130 in
813 1091 1076 1130 contubernio
1096 1092 1240 1144 aliquo
1259 1093 1392 1131 vivere
1407 1092 1506 1129 alie-

52 1158 112 1184 na
131 1144 311 1198 quadra,
341 1147 528 1186 sod-elem
545 1162 629 1187 esse
650 1148 840 1198 beneficii
852 1148 1029 1201 publici.
1085 1153 1236 1191 Kuzux,

164 1201 367 1258 σιτήσεις]
400 1204 518 1242 Infra
540 1219 606 1255 ix,
627 1202 694 1246 4ο.

166 1258 370 1313 σιτήσεις]
402 1261 448 1302 ln
469 1261 739 1299 Lesbonactis
764 1259 948 1300 adducto
971 1260 1165 1314 superius
1195 1274 1217 1299 a
1238 1259 1503 1302 nobis-loco:

54 1317 100 1359 οῖ
118 1313 162 1367 δὲ
176 1313 331 1359 τούτων
355 1319 494 1366 παῖδες
520 1319 695 1370 δημοσίᾳ
715 1318 972 1370 ἕκτρέφονται
991 1329 1070 1357 etc.
1104 1317 1210 1371 quin
1231 1331 1331 1357 vero
1354 1327 1402 1356 ut
1421 1317 1509 1357 hoc

52 1371 105 1413 de
124 1370 277 1426 σιτ-ἥσει
304 1374 479 1427 publica
504 1373 678 1413 ridiculi
697 1373 869 1425 addam,
897 1373 1181 1426 Athenienses
1201 1376 1358 1412 mulum
1381 1383 1505 1413 vetu-

50 1432 139 1469 lum
158 1444 207 1469 ac
222 1430 438 1470 laboribus
462 1433 703 1481 exolutum,
732 1441 933 1485 tanquam
964 1430 1161 1470 athletam
1179 1429 1384 1485 quendam
1405 1430 1503 1469 exi-

50 1487 181 1526 mium
210 1487 382 1541 publica
414 1486 566 1539 σιτήσει
591 1487 831 1537 donarunt,
870 1486 984 1542 quod
1015 1486 1132 1540 operi
1161 1486 1331 1540 publico
1355 1485 1501 1538 impli-

50 1543 159 1583 citos
188 1546 324 1583 mulos
353 1543 405 1583 ad
426 1543 611 1584 laborem
633 1543 870 1600 instigaret.
910 1542 1010 1584 vide
1031 1542 1084 1583 ad
1102 1542 1176 1587 lib.
1197 1558 1280 1594 vu,
1305 1541 1394 1590 186.
1423 1542 1500 1581 ubi

49 1599 168 1640 illius
189 1599 442 1640 historiolae
459 1600 646 1641 memini.

162 1662 336 1713 χαλκοῦν
351 1656 535 1711 ἑστάναι]
571 1658 762 1697 Statuom
783 1671 953 1697 aeneam
971 1656 1120 1696 habere
1132 1659 1316 1709 positam
1330 1657 1378 1694 in
1388 1654 1497 1708 foro.

47 1712 137 1755 vid.
162 1715 312 1757 Meurs.
339 1714 496 1756 Geram.
521 1714 742 1753 Geminum
761 1728 857 1769 eap.
886 1715 948 1755 16.
1006 1720 1151 1754 Komm-

159 1777 332 1826 χαλκοῦν
346 1769 539 1824 ἑστάναι]
569 1772 733 1812 Positas
763 1785 852 1811 esse
882 1771 989 1811 bene
1011 1769 1062 1809 de
1088 1769 1303 1824 republica
1331 1768 1498 1809 merito·

46 1843 139 1868 rum
167 1827 325 1868 honori
355 1838 517 1868 statuas
545 1842 610 1867 res
638 1837 702 1868 est
728 1836 851 1878 uota,
879 1827 1065 1880 ideoque
1091 1832 1215 1880 χαλκῆ
1234 1824 1359 1869 εἰκόνι
1377 1829 1498 1881 τιμᾷν

46 1883 136 1927 τινὰ
157 1883 243 1924 dici
266 1887 397 1936 solet,
427 1895 476 1924 ut
501 1883 613 1939 apud
636 1884 868 1923 Libanium
885 1884 929 1922 in
954 1885 1151 1923 Antioclz.
1176 1871 1230 1933 ὤς
1258 1882 1298 1925 δὲ
1320 1884 1495 1938 ἔγνωσαν

47 1939 114 1986 ἐπ’
132 1939 314 1996 ἀμείνοσι
332 1943 698 1995 μετακομισθέντες,
729 1946 891 1994 τιμῶσιν
907 1938 1032 1982 εἰκόνι
1048 1945 1171 1996 χαλκῇ
1188 1940 1261 1983 τὸν
1278 1941 1494 1982 Σέλευκον·

48 1999 152 2054 quin
203 2008 246 2039 et
281 1997 552 2039 idololatriae
587 1998 834 2038 existimant
870 1997 1076 2052 originem
1108 1998 1253 2037 Patres
1291 1995 1495 2050 imagines

45 2056 204 2097 honori
224 2065 265 2095 et
285 2056 509 2095 memoriae
531 2054 726 2093 vivorum
749 2063 1064 2094 mortuorumve
1082 2053 1302 2092 hominum
1325 2061 1494 2093 erectas.

46 2111 172 2167 Apud
193 2113 412 2152 Romanos
444 2125 615 2166 quoque
643 2110 686 2149 id
716 2111 854 2164 ipsum
882 2110 1120 2150 obtinuisse
1154 2113 1295 2149 nullus
1330 2117 1393 2148 est
1420 2107 1494 2160 qui

45 2170 224 2211 nesciat.
284 2170 344 2209 Et
367 2183 469 2209 vero
494 2166 757 2221 respublicae
783 2168 958 2207 aliarum
989 2167 1208 2206 civitatum
1231 2165 1387 2206 honori
1405 2174 1493 2203 sta-

47 2237 143 2266 tuas
161 2226 322 2283 erigere
345 2225 559 2274 solebant,
588 2224 725 2278 iisque
742 2238 946 2273 coronas,
976 2233 1174 2278 tanquam
1202 2223 1336 2275 ipsum
1358 2234 1494 2274 popu-

43 2287 133 2324 lum
154 2297 310 2324 corona
333 2282 566 2331 donarent,
597 2281 830 2334 imponere.
868 2281 1118 2332 Psepln‘sma
1141 2281 1494 2332 Byzantinorum:

45 2344 186 2383 στᾶσαι
214 2341 255 2383 δὲ
282 2340 349 2382 καὶ
380 2337 540 2387 εἰκόνας
561 2342 667 2386 τρεῖς
692 2335 974 2390 ἕκδεκαπήχεις
1000 2338 1041 2378 ἐν
1066 2335 1120 2393 τῷ
1146 2333 1369 2392 Βοσπόρῳ,
1408 2347 1493 2375 στε-

45 2396 307 2451 φανούμενον
336 2393 404 2439 τόν
442 2398 573 2447 δᾶμον
592 2391 819 2447 Ἀθηναίων
845 2391 923 2436 ὖπὸ
951 2399 1006 2450 τῷ
1031 2392 1140 2450 δάμῳ
1164 2396 1241 2433 τῶν
1266 2392 1492 2440 Βυζαντίων

42 2455 111 2496 καὶ
127 2455 375 2506 Περινθίων.
435 2451 599 2492 Videu'
624 2451 768 2504 itaque
798 2450 949 2504 populi
980 2448 1250 2489 Atheniensis
1281 2447 1439 2487 honori
1468 2461 1491 2485 a

44 2513 380 2564 Byzantinorum
408 2519 450 2549 et
476 2507 788 2547 Perinthiorum
818 2506 1030 2559 republica
1066 2515 1222 2545 statuas
1250 2518 1339 2544 esse
1367 2503 1493 2555 posi-

42 2578 122 2620 tas,
151 2581 308 2622 easque
325 2575 559 2606 coronatas.
619 2565 689 2602 De
708 2565 903 2620 προεδρίᾳ
927 2577 1034 2617 quae
1059 2562 1130 2601 hic
1147 2561 1259 2616 apud
1276 2561 1493 2599 Pollucem

42 2624 260 2678 praecedit
281 2623 405 2678 tetigi
426 2620 627 2678 quaedam
652 2621 863 2675 superius.

1060 2674 1230 2730 Ggs2
