1664 3016
125 116 208 157 668
717 112 839 155 VIII.
899 113 968 158 58.

121 224 384 274 Archontem,
414 232 493 262 aut
520 224 837 277 mesmothetm,
871 235 948 266 aut
964 228 1100 280 allos,-
1129 237 1205 267 aut
1218 241 1357 268 noneo
1374 234 1564 280 tempore,

122 281 194 320 sed
213 282 314 320 alio.
372 287 480 319 IUNG.

233 334 509 391 παραγραφὴ]
539 336 730 376 Adducit
754 336 869 378 hunc
888 339 1078 379 Pollucis
1098 342 1239 379 locum
1258 341 1428 379 Peneus
1438 337 1488 377 ad
1509 338 1563 378 L.

120 394 174 432 L.
196 398 284 433 Ate.
289 406 398 461 pag
419 392 512 433 541.
535 392 579 431 in
605 407 743 447 eoque
766 394 927 434 omittit
945 398 1008 438 καὶ
1036 400 1361 451 παραμαρτυρία,
1399 405 1442 436 et
1468 394 1563 434 istis

121 447 220 498 οἷον,
252 467 324 490 ουκ
346 451 585 504 εἰσαγγελίας
606 458 685 492 etc.
724 450 911 489 asterisci
936 462 1078 492 notam
1099 453 1300 518 appenit‚
1333 449 1447 506 quod
1467 466 1566 489 mu-

122 505 197 544 tila
216 514 338 558 putet
364 506 436 544 illa
459 505 609 555 verba,
641 521 739 556 nec,
770 520 861 544 mea
885 507 1053 560 quidem
1074 508 1303 562 opinione,
1335 507 1563 551 immerito.

231 562 555 616 παραμαρτυρία]
587 562 680 604 MS.
703 565 975 617 διαμαρτυρία.
1032 569 1111 606 Seu.

231 619 562 674 παραμαρτυρία]
629 617 720 660 MS.
772 619 907 657 Schera·
952 620 1231 674 Augustanus
1271 618 1562 687 διαμαρτυρία·

121 673 235 727 quod
258 674 383 714 credo
403 689 492 714 esse
512 675 675 715 verius:
708 675 923 729 fueritque
934 675 1036 716 haec
1049 677 1130 715 alia
1150 687 1191 717 et
1210 676 1336 717 latior
1353 674 1563 730 superiori

120 746 244 784 segni.
269 730 303 771 5·
299 744 332 773 2.
361 745 460 771 sane
482 733 811 786 παραμαοτυρίαν
837 741 990 772 temere
1008 731 1154 771 haud
1143 733 1357 774 mvenias.
1395 736 1487 785 ὁιαμ
1461 749 1564 787 μαρ-

118 790 259 841 τυρίαν
269 802 368 827 vero
385 789 522 835 facile,
545 798 586 827 et
604 802 690 827 eam
705 803 837 843 genus
857 793 1122 844 παραγραφῆς
1134 799 1173 829 te
1186 787 1564 829 docebitBudaeus

119 843 163 882 in
189 843 345 884 Comm.
371 844 472 884 suis.
533 845 601 883 Sic
629 846 880 896 Hesychius:
911 847 1192 900 διαμαρτυρία,
1235 848 1325 898 δίκη
1355 861 1415 894 τις
1445 841 1564 898 ὁμοία

117 905 167 965 τῇ
190 918 437 965 περιγραφῃ,
469 900 663 940 emenda:
694 907 952 959 παραγραφῇ.
995 903 1197 942 confusae
1219 903 1362 956 itaque
1381 900 1434 940 ob
1456 914 1564 940 con-

118 957 381 996 iunctionem
413 956 634 1026 inmterdum
653 957 837 1009 fuerint3
869 968 910 997 et
930 960 1144 997 Pollucem
1167 959 1290 998 credo
1322 956 1562 1012 scripsisse·

117 1011 362 1082 παραγραφὴ
382 1008 423 1055 δ’
440 1015 505 1066 ἠν,
537 1031 563 1063 ἠ
584 1010 682 1064 αυτή
704 1016 769 1055 καὶ
790 1016 1065 1082 διαμαρτυρία.
1121 1019 1229 1054 Iunc.

229 1069 257 1120 ’ἦ
278 1066 329 1118 ὥς
347 1087 455 1124 κεκρ.
468 1071 487 1122 ]
527 1067 556 1122 ἠ
587 1070 749 1108 omittit
774 1068 818 1110 C.
851 1072 901 1111 A.
930 1072 1078 1111 inse1it
1105 1082 1243 1111 autem
1265 1080 1364 1125 post
1385 1070 1563 1126 κεκριμέ-

117 1144 200 1177 νος,
231 1125 259 1179 η’
280 1128 431 1179 διαίτης
448 1143 530 1181 γεγε
516 1143 632 1178 ιηιιε
617 1127 707 1177 ’της
731 1124 759 1179 η’
778 1124 830 1175 ὧς
847 1146 884 1168 α.
908 1137 986 1167 etc.
1044 1134 1190 1166 Kumm.

233 1181 341 1234 οἷον,
383 1180 456 1224 οὐκ
482 1186 630 1237 εἰσαχνς)
617 1185 731 1232 ελίας,
753 1192 830 1221 etc.
845 1185 863 1236 ]
896 1181 922 1236 ἢ
940 1181 1012 1225 οὐκ
1034 1185 1269 1238 εἰσαγγελίας
1288 1193 1366 1224 etc.
1396 1179 1424 1238 ἢ
1443 1179 1496 1232 ὦς
1516 1201 1564 1226 ου

117 1259 160 1282 π.
180 1257 210 1281 τ.
233 1250 312 1279 etc.
347 1235 394 1280 οὗ
417 1239 478 1277 sic
497 1239 773 1292 pelwsmiptum
794 1249 854 1278 est
875 1240 918 1278 in
939 1239 980 1281 C.
1006 1241 1051 1280 A.
1078 1240 1277 1279 Petitus
1265 1254 1309 1278 m
1333 1240 1385 1278 L.
1409 1241 1457 1279 L.
1478 1240 1566 1279 At-

117 1300 226 1335 ticas
245 1295 486 1334 asteriscum
513 1295 701 1335 defectus
726 1294 907 1335 indicem
926 1305 1024 1350 post
1043 1298 1250 1352 κρίνεσθαι
1271 1295 1464 1350 apponit,
1491 1294 1563 1336 sed

116 1354 208 1392 sine
231 1367 366 1403 causa,
386 1366 477 1419 pag.
499 1351 591 1392 541.
648 1358 793 1392 Ktmmv.

230 1407 337 1456 οἷον,
380 1404 455 1449 οὐκ
484 1410 742 1477 εἰσαγγελίας,
775 1417 854 1448 etc.
867 1409 881 1460 ]
924 1407 1043 1447 Haec
1073 1407 1190 1462 quasi
1226 1407 1408 1461 exempli
1429 1407 1564 1462 gratia

115 1465 402 1506 subiiciuntur
433 1465 546 1515 istis,
575 1482 600 1514 η
625 1482 679 1512 ως
698 1482 776 1505 των
794 1463 947 1518 χρόνων
968 1463 1198 1517 ἐξηκόντων.
1241 1462 1313 1504 sed
1340 1464 1529 1504 nullam'
1518 1479 1563 1503 m

116 1523 170 1560 iis
189 1521 314 1561 video
343 1535 526 1560 caussam
552 1520 770 1560 dilationis
793 1520 998 1573 petendae
1018 1520 1069 1560 ob
1093 1523 1277 1574 elapsum
1301 1530 1477 1574 tempus.
1509 1535 1564 1559 an

115 1579 227 1619 enim
260 1577 356 1616 ideo
389 1576 502 1630 quod
530 1576 728 1630 publicae
755 1579 822 1617 vel
854 1578 1042 1629 privatae
1067 1576 1256 1615 obtineat
1279 1575 1460 1615 actionis
1483 1591 1565 1616 no-

115 1634 243 1674 men?
275 1635 429 1673 Deerit
450 1634 593 1687 itaque
613 1633 797 1687 aliquid,
840 1633 890 1673 de
913 1647 997 1687 quo
1022 1633 1058 1672 si
1076 1633 1171 1672 MS.
1194 1643 1337 1672 noster
1358 1646 1443 1672 non
1467 1648 1564 1672 mu-

115 1692 216 1730 tilus
239 1700 365 1739 esset,
397 1690 524 1729 facile
545 1689 836 1740 expediremus
860 1704 948 1728 nos.
1001 1690 1112 1728 forte
1135 1688 1186 1727 de
1208 1689 1389 1728 actionis
1412 1703 1563 1744 genere

114 1761 202 1786 non
223 1757 337 1787 recto
360 1756 401 1785 et
422 1746 703 1787 conveniente
725 1759 872 1784 causae
893 1755 1115 1797 usurpato:
1148 1745 1269 1784 cuius
1294 1745 1354 1784 rei
1378 1745 1562 1798 exempli

113 1806 210 1843 loco
232 1804 313 1842 ista
339 1802 561 1850 subiiciat,
595 1801 683 1844 οἷον
705 1811 784 1842 etc.
816 1800 887 1840 sed
912 1801 1015 1841 haec
1041 1811 1083 1841 et
1113 1801 1193 1840 alia
1226 1801 1382 1854 aliquis
1409 1801 1562 1841 veteris

117 1861 272 1898 Graeci
294 1859 396 1898 iuris
417 1859 576 1911 peritus
595 1859 790 1899 restituet
811 1858 1002 1897 facilius:
1043 1871 1121 1897 nos
1142 1858 1188 1897 in
1208 1857 1284 1897 illo
1304 1858 1400 1898 foro
1421 1871 1562 1898 sumus

113 1917 320 1969 hospites.
378 1921 487 1953 Imm.

226 1973 517 2026 παραγραφῆς]
549 1969 594 2013 C.
615 1970 666 2011 A.
686 1987 857 2024 γραφης.
915 1977 1061 2010 Knmm.

227 2031 504 2083 διαγραφεῖσα.
522 2029 540 2079 ]
590 2030 874 2080 διαγραφεῖσα,
920 2027 1118 2078 inducta,
1169 2027 1425 2067 cancellata.
1472 2025 1562 2068 vid.

113 2085 324 2138 Harpoor.
354 2085 399 2123 in
418 2082 733 2139 διαγράψασθαι.
791 2090 935 2182 Igu-eun.

831 2145 867 2184 8.

225 2193 482 2252 αντιγραφὴ]
515 2196 911 2235 Reeriminationem
933 2196 1233 2250 interpretatur
1254 2196 1447 2250 Sigonius
1461 2194 1560 2236 libr.

115 2272 189 2296 111.
216 2254 267 2294 de
287 2253 470 2322 Republ.
494 2253 645 2294 Athen.
670 2267 760 2306 cap.
785 2251 825 2294 4.
829 2267 1032 2317 quemv.
1090 2258 1195 2291 Iunc..

226 2308 480 2366 ἀντιγραφή]
518 2311 590 2349 De
618 2309 697 2348 hac
725 2308 899 2349 omnino
931 2319 995 2350 est
1022 2307 1236 2349 videndus
1259 2309 1562 2360 Harpen-tatia,

115 2379 158 2409 et
179 2368 231 2408 ad
254 2383 348 2407 eum
364 2369 633 2408 Maussacus,

227 2419 563 2495 αντικατηγορῇ.]
595 2423 690 2463 MS.
667 2421 1016 2517 Αᾶυτικαταγορεῖ
1074 2427 1156 2462 See.

227 2479 529 2537 ἆντικατηγορῇ.
541 2478 628 2530 JC
708 2478 1047 2534 .ἆντικαταγορεΐ.
1104 2485 1251 2516 KUEHN

228 2555 326 2592 προε
312 2523 556 2608 ισὲρχεται.]
587 2537 714 2576 Prius
736 2537 982 2587 absolvitur,
1014 2537 1195 2586 Interpr.
1219 2534 1337 2573 male.
1359 2530 1564 2587 indigitat

114 2604 239 2635 autor
268 2609 361 2633 cum
386 2592 612 2650 ἀντιγραφῇ
638 2592 697 2632 ita
722 2602 1007 2647 comparatum
1027 2606 1130 2642 esse,
1171 2599 1220 2630 ut
1241 2604 1334 2629 cum
1354 2604 1565 2644 παραγρα-
