1696 3028
678 115 775 161 v11.
837 120 903 162 16.
1432 122 1516 164 237

62 246 218 282 terent,
248 234 442 291 adeoque
460 234 534 277 hic
555 234 784 276 denotatur
807 230 1162 289 p'uerulusffives,
1185 231 1403 287 quimulta
1415 230 1518 272 emit

66 295 149 337 sibi
172 295 418 349 crepundia,
451 295 526 350 qui
547 307 711 346 semper
729 293 802 343 ait,
835 289 1048 347 ἀγόρασον,
1066 288 1281 346 ἀγόρασον,
1303 305 1398 340 eme,
1419 305 1514 329 eme.

59 353 276 407 imprimis
303 362 443 393 autem
463 354 599 405 τηλίας
622 348 784 388 tabulas
810 347 862 388 ad
886 351 1025 388 locum
1054 346 1374 402 designandum,
1402 348 1514 386 intra

21 434 25 439 «
64 423 189 466 quem
214 408 508 464 depugnarent
535 407 798 457 coturnices,
833 406 988 460 quibus
1019 405 1225 458 imprimis
1250 403 1516 444 delectaban-

63 476 136 507 tur
163 466 286 520 pueri
313 467 587 507 Graecorum.
646 463 737 502 Imo
768 461 1018 502 huiusmodi
1045 461 1208 502 lusibus
1235 461 1360 500 etiam
1379 461 1516 500 adulti

64 522 274 565 vacabant
294 536 430 577 usque
450 521 502 561 ad
526 521 799 575 vituperium.
831 518 918 560 vid.
942 519 1112 558 Budaei
1131 518 1365 558 Comment.
1384 519 1439 558 L.
1464 519 1514 559 G.

63 594 160 636 γῆς.
178 578 274 621 615.
293 579 408 622 Edit.
429 579 562 621 Paris.
591 588 633 618 et
654 579 854 617 Nostrum
874 577 987 616 infra
1008 590 1069 627 121,
1095 587 1183 616 102.
1226 574 1262 614 si
1288 589 1388 615 vero
1413 576 1516 616 reti-

63 636 252 692 nendum
277 635 428 692 ἦλίων,
461 650 567 690 puer
588 644 762 675 notatur
784 633 858 687 qui
881 632 992 674 inter
1012 631 1243 686 crepundia
1269 646 1343 671 sua
1364 632 1516 672 habuit

63 708 151 735 non
172 708 305 734 unum
329 694 432 733 solis
461 703 590 746 caput
621 691 830 732 radiatum
862 693 1090 746 pluresque
1123 692 1294 729 lunulas
1323 703 1376 730 ex
1406 704 1514 742 aete,

61 765 181 803 auro,
215 761 411 806 argentm
462 757 607 792 Kussmx.

174 813 330 852 πολλῶν
353 804 405 850 θ’
422 805 577 860 ἡλίων]
609 807 756 846 Locus
772 802 1067 846 vexatissimus
1086 810 1172 853 est,
1204 800 1257 841 de
1279 801 1401 841 cuius
1426 817 1516 842 me-

63 864 159 908 dela
181 881 246 907 me
266 865 555 918 desperantem
577 862 744 919 quidam
769 862 927 901 amicus
949 859 1073 900 docet
1090 858 1315 914 legendum
1339 873 1427 900 esse
1448 858 1516 902 κύ-

61 929 166 968 κλων
185 937 262 977 pro
285 923 374 961 illis
393 917 442 963 θ’
461 919 600 974 ἡλίων.
631 931 674 961 et
693 919 853 972 optime
872 916 1040 972 quidem
1069 930 1136 955 me
1157 915 1315 960 iudice.
1358 930 1514 969 quaeso

61 982 176 1023 enim
197 978 301 1034 quid
322 978 407 1018 sibi
425 982 578 1019 volunt
596 978 669 1016 illa
686 975 737 1019 θ’
755 973 914 1030 ἧλίωνὶ)
940 972 1067 1014 video
1092 973 1164 1012 illa
1188 972 1358 1027 quidem
1380 974 1515 1026 expli-

63 1038 151 1079 cari
177 1052 200 1078 a
227 1035 380 1088 doctis,
412 1034 486 1076 sed
505 1034 763 1075 satisfecisse
789 1046 863 1071 sua
887 1029 1178 1084 explicatione
1200 1030 1390 1069 nondum
1413 1031 1517 1070 exi-

62 1095 204 1135 stimo.
234 1102 277 1133 at
295 1108 395 1135 vero
413 1093 449 1132 si
470 1093 553 1132 iam
575 1105 735 1131 mecum
750 1087 903 1132 κύκλων
915 1091 1043 1143 lege-Q
1058 1086 1194 1127 omnis
1216 1090 1392 1128 tolletur
1402 1102 1513 1126 scru-

60 1155 200 1208 pulum
230 1150 286 1192 sit
305 1151 425 1191 testis
452 1149 542 1204 ipse
563 1157 707 1188 noster
728 1148 901 1199 Pollux,
934 1145 1007 1199 qui
1024 1158 1147 1198 supra
1162 1157 1242 1194 vu,
1258 1158 1320 1185 11.
1343 1142 1517 1194 κύκλους

62 1211 108 1249 in
132 1222 246 1250 nova
276 1205 507 1247 Comoedia
530 1206 665 1246 fuisse
685 1204 815 1255 dicit,
845 1205 887 1247 ἕν
909 1202 970 1253 οἷς
987 1200 1280 1258 ἐπιπράσκοντο
1301 1200 1348 1244 τὰ
1369 1200 1515 1258 ἄνδρά-

59 1269 180 1319 ποδα,
209 1267 307 1314 ἴσως
330 1261 457 1306 καὶτὰ
479 1261 599 1305 λοιποὶ
619 1260 731 1304 ὤνια.

172 1321 325 1367 τούτων
352 1322 393 1364 δὲ
418 1322 486 1363 καὶ
509 1322 582 1374 θ.]
621 1321 708 1359 Hic
733 1327 796 1359 est
811 1317 962 1357 titulus
989 1317 1032 1357 in
1055 1316 1103 1356 C.
1129 1314 1179 1354 A.
1200 1315 1291 1371 περὶ
1311 1320 1391 1358 τῶν
1407 1320 1517 1359 θεῶν

60 1386 143 1425 ταῖν
160 1378 265 1424 οὕτω
293 1380 698 1434 πραγματευομένων,
729 1377 795 1417 καὶ
815 1380 893 1417 τῶν
911 1374 1040 1417 πάντα
1059 1371 1313 1422 πωλούντων,
1346 1374 1394 1413 de
1411 1376 1516 1413 Deis

61 1439 243 1487 illorum,
258 1439 332 1489 qui
353 1439 418 1475 ita
436 1438 724 1489 negotiantur,
739 1434 864 1485 deque
883 1434 976 1470 illis
995 1434 1069 1484 qui
1087 1434 1222 1469 omnis·
1239 1434 1400 1482 generis
1413 1446 1516 1469 mer-

58 1510 147 1536 cem
163 1494 360 1535 vendunt.
400 1493 459 1532 ita
481 1503 523 1533 et
543 1492 699 1539 ‘titulus
718 1504 806 1543 seq.
831 1490 983 1543 capitis
1005 1491 1132 1529 semel
1153 1487 1324 1538 dicitur,
1357 1498 1399 1527 et
1423 1488 1515 1528 sine

61 1551 342 1593 distinctione
363 1559 567 1605 perpetua
593 1548 690 1588 dein
709 1556 771 1588 est
793 1548 955 1587 oratio:
988 1546 1047 1584 ita
1059 1554 1377 1585 autemtextus:
1417 1542 1516 1588 Τού-

58 1609 203 1654 των-δὲ
221 1608 314 1652 θεοὶ
331 1609 427 1650 ἴδιοι
444 1608 536 1660 ἐμπ.
552 1603 635 1661 Ἑρ.
657 1602 860 1660 ἀγοραῖος.
889 1601 1112 1643 Caeterum
1141 1600 1216 1642 illa
1241 1597 1438 1654 Ἐμπώλω
1464 1608 1514 1644 Λ,

59 1664 212 1723 ἐν”Ηρ.
230 1663 312 1720 Ἀρ.
342 1664 509 1706 absunt.
551 1663 693 1718 pergit
719 1661 898 1702 deinde:
938 1662 979 1703 οἱ
997 1661 1130 1715 μέντοι
1150 1659 1199 1714 δή
1221 1658 1517 1715 πιπράσκοντες

59 1734 142 1769 etc,
196 1730 344 1767 Kumm.

173 1778 420 1835 ἐμπολαῖος]
451 1777 546 1820 MS.
569 1779 806 1831 ἕμπωλαῖος.
846 1784 888 1816 et
905 1775 973 1817 καὶ
991 1770 1184 1829 Ἐμπώλω
1203 1782 1280 1816 etc.
1308 1768 1513 1829 Ἄριστοφ.

61 1852 154 1879 cum
191 1836 342 1877 mediis
378 1835 532 1876 desunt
559 1835 605 1874 in
630 1834 722 1876 MS.
749 1832 826 1871 ubi
855 1842 902 1871 tu
925 1832 1061 1872 scribe
1078 1829 1279 1885 Ἐμπόλω.
1316 1831 1383 1870 Ita
1402 1834 1515 1872 enim

62 1895 125 1937 CI.
149 1894 418 1934 casaubonus
442 1906 505 1935 1x.
526 1892 682 1932 Athen.
705 1888 771 1932 18.
805 1888 879 1928 ubi
897 1888 947 1930 de
960 1889 1044 1929 hoc
1068 1889 1251 1929 dramate
1264 1889 1516 1942 Aris-topha-

61 1955 128 1992 nis
158 1951 263 1991 haec
294 1949 576 2002 concipienda
609 1948 693 1998 ait,
724 1948 790 1989 καὶ
820 1945 978 2000 ἕμπόλω
1000 1944 1241 1999 Διοσκούρω
1272 1943 1516 2001 ἐν”Ηρωσιν

55 2005 364 2063 Ἀριστοφάνης.
394 2009 502 2045 male
520 2006 631 2046 enim
657 2015 780 2045 antea
800 2004 843 2042 in
874 2005 1059 2058 vulgatis
1087 2013 1186 2058 post
1203 2000 1394 2059 ‘'Hpcocnv
1426 2004 1515 2042 dis-

61 2065 348 2121 tinguebatur.
407 2063 625 2104 Dramatis
655 2062 957 2114 Aristoplzanei
985 2061 1180 2102 meminit
1208 2070 1252 2100 et
1286 2062 1513 2102 Scholiast.

61 2123 116 2164 ad
147 2121 332 2163 eiusdem
350 2118 560 2173 ”Ορνιθας,
585 2118 660 2176 ubi
686 2118 736 2159 de
757 2117 1016 2172 Diotrephe.
1079 2118 1274 2158 Ceterum
1298 2128 1398 2171 post
1422 2113 1525 2175 α’γοζ

61 2186 179 2238 ραῖος
207 2180 266 2219 it&
287 2177 431 2217 statim
453 2175 545 2218 MS·
566 2174 709 2218 addita
744 2178 785 2219 οἱ
804 2175 937 2228 μέντοι
957 2173 1086 2218 πάντα
1110 2184 1190 2216 etc.
1248 2181 1358 2215 hmo.

169 2233 397 2292 Ἐμπώλω]
426 2230 617 2288 Ἐμπόλω
639 2233 811 2286 reposui
834 2247 912 2287 pro
933 2230 1147 2287 Ἐμπώλω.

173 2353 391 2400 πανδοκεῖς
419 2346 529 2401 ete.]
568 2347 686 2387 Haec
712 2345 915 2387 vocabula
936 2346 1008 2386 hic
1030 2346 1156 2389 etiam
1181 2346 1363 2401 exponit
1389 2347 1517 2385 ZVun-

62 2410 204 2449 nesius
233 2407 364 2448 Notis
392 2405 446 2447 ad
475 2405 573 2448 libr.
603 2419 656 2444 11.
689 2403 917 2457 Plzryniclz.
947 2405 1098 2461 Eclog.
1128 2419 1235 2446 voce
1261 2406 1514 2457 πανδοχεῖον.

59 2472 242 2506 lunam.

176 2524 245 2566 καὶ
261 2519 306 2565 τό
328 2522 426 2579 πρ.]
461 2520 511 2563 C.
533 2518 584 2558 A.
611 2514 654 2560 τό
677 2534 746 2574 πρ.
765 2516 1043 2562 πανδοκεύειν.
1077 2520 1119 2561 οἷ
1143 2516 1183 2560 δὲ
1202 2518 1258 2566 εἷς
1284 2514 1332 2558 τὰ
1361 2533 1402 2558 π.
1433 2526 1514 2560 etc.

61 2586 208 2620 Kum-

174 2636 243 2680 καὶ
259 2636 518 2686 πανδοκεία.]
549 2634 602 2674 In
623 2631 718 2676 MS.
738 2629 891 2673 desunt
917 2634 986 2677 καὶ
1007 2632 1238 2676 πανδοκεία.
1296 2635 1400 2669 Iunc.
