1664 3016
642 136 892 182 VI11.62
1412 142 1496 183 673

153 246 407 305 πρόκλησις]
439 248 539 292 MS.
563 248 763 290 mendose
783 249 935 290 iterum
957 248 1198 319 πρόσκλησις
1217 259 1296 293 etc
1324 249 1493 291 Lucide

43 306 354 357 Harpocratio:
387 303 625 358 πρόκλησις·
651 304 869 357 εἰώθεσαν,
902 304 1019 349 ὁπότε
1037 304 1261 356 δικάζοιντό
1278 324 1403 357 τινες,
1434 308 1494 358 ἐξ·

44 366 168 403 αιτεῖν
191 362 317 404 ἐνίοτε
331 364 610 415 θεραπαίνας,
649 360 678 415 ἢ
698 362 949 415 θεράποντας
970 365 1027 413 εἰς
1043 361 1246 418 βάσανον,
1274 361 1305 417 ἦ
1323 366 1377 413 εἰς
1393 380 1491 432 μαρ-

42 419 184 471 τυρίαν
209 433 283 459 του
300 416 551 486 πράγματος,
592 420 659 459 καὶ
685 421 803 460 τοῦτο
832 420 1006 462 ἐκαλεῖτο
1032 425 1341 471 προκαλεῖσθαι,
1375 417 1420 462 τὸ
1450 419 1494 463 δὲ

43 479 332 542 γραμματεῖον,
362 472 407 516 τό
426 476 519 529 περὶ
541 473 687 517 τούτου
707 472 986 531 γραφόμενον,
1019 473 1242 545 ωνομάζετο
1261 474 1453 530 πρόκλησ.
1458 492 1491 528 ς,

42 527 153 583 παρὰ
167 534 330 579 πολλοῖς
347 531 390 572 δέ
405 532 485 573 ἐστι
507 529 680 586 ῥήτορσι.
740 533 982 586 Δημοθένης
1006 529 1049 574 δ’
1067 533 1110 575 ἐν
1135 537 1193 590 τοΞ
1205 533 1306 575 κατὰ
1329 531 1493 587 Στεφά-

44 601 122 629 νου
144 587 317 656 καὶπερὶ
336 603 394 628 ων
415 585 632 641 πρόκλησις
648 589 796 643 γίνεται
812 591 934 641 δηλοῖ
990 595 1099 628 Iunc.

154 640 403 708 πρόκλησις]
436 643 674 698 προκλήσεις
690 646 883 709 ἔγγραφοι
899 644 1010 697 apud
1029 643 1349 698 Etymologum
1337 659 1382 683 m
1419 646 1493 700 ἐχῖ-

43 715 132 749 νος,
160 699 315 740 etenim
339 700 381 738 in
406 702 561 753 scripta
581 700 727 741 referri
748 700 953 750 solebant,
988 714 1036 740 ac
1059 710 1149 740 tum
1168 700 1383 740 iudicibus
1406 711 1493 741 tra-

45 753 112 795 di:
143 753 230 797 vid.
252 765 295 796 et
315 757 524 809 Har-poor.
548 757 591 795 in
599 759 824 830 ”mmmm-al

155 812 310 865 ἔφεσις]
349 813 399 855 In
433 814 564 854 Gloss.
597 814 754 867 ξ’,φεσις
778 814 1046 865 provocatio,
1076 814 1334 864 appellatio,
1375 780 1491 855 unde

43 869 134 923 δίκη
149 868 354 922 ἐφέσιμος,
385 883 532 920 cauea,
561 872 607 909 in
635 884 720 924 qua
737 871 988 923 superiorem
1006 869 1187 908 iudicem
1207 871 1416 922 appellare
1431 872 1493 909 li·-

44 931 1488 968 cet.Kum11v.‚

157 982 316 1035 ἔφεσις]
345 980 439 1025 MS.
464 982 590 1022 etiam
614 981 784 1032 vitiose,
813 980 968 1033 α’φεσις
999 978 1092 1022 vid.
1127 980 1350 1020 Cuiacium
1367 982 1492 1021 Para-

45 1037 306 1091 tit.Digest.
337 1037 563 1080 lib.x1„1x.
597 1038 666 1079 tit.
698 1038 738 1079 5.
779 1037 882 1088 Quis
905 1052 934 1075 α
961 1052 1040 1089 quo
1059 1037 1306 1089 appelletur,
1335 1037 1411 1076 ubi
1431 1039 1493 1078 ait

45 1092 338 1134 definitionem
362 1094 663 1162 appellationis
685 1095 855 1132 Polluci
879 1103 921 1134 et
946 1094 1211 1145 Moschopulo
1242 1092 1491 1133 huiusmodi

43 1163 160 1191 esse:
196 1145 374 1202 ἔφεσιςι
343 1167 371 1204 η
389 1147 592 1205 μεταγωγή
611 1151 678 1192 καὶ
694 1146 723 1204 ἦ
741 1146 955 1206 μετάβασις
983 1146 1062 1192 ἇπό
1085 1155 1162 1193 τῶν
1192 1152 1403 1205 διαιτητῶν
1437 1152 1493 1200 εἷς

42 1205 138 1256 τούς
148 1204 346 1255 δικαστάς.
401 1213 510 1246 Imm.

154 1263 315 1316 ἔφεσις]
354 1261 502 1302 Solent
529 1271 573 1302 et
606 1263 720 1316 δίκης
748 1260 980 1319 μεταγωγὴν
1008 1265 1063 1312 εἷς
1084 1263 1216 1318 ἕτερον
1236 1260 1492 1319 δικαστήριον

45 1319 279 1373 appellare,
321 1317 482 1389 iisque
494 1318 632 1359 verbis
664 1320 950 1358 Grammaciei
980 1318 1053 1373 τὴν
1083 1321 1219 1371 ἔφεσιν
1249 1324 1490 1384 exponunt

45 1376 215 1415 Glossae
234 1375 440 1429 optimae.
460 1372 653 1428 ”Εφεσις,
685 1378 940 1428 appellando,
967 1380 1222 1428 protocacio.
1263 1376 1397 1430 priori
1415 1376 1492 1416 illa

43 1445 148 1472 voce
163 1431 209 1470 iu
228 1445 420 1472 sermone
447 1442 592 1471 nostro
620 1431 835 1495 hodieque
856 1433 1038 1484 utimur3
1068 1436 1196 1472 altera
1218 1432 1329 1485 apud
1352 1431 1489 1471 bonos

43 1497 235 1528 auctores
259 1487 559 1527 usitatissima·
591 1485 692 1527 vide
717 1490 815 1530 Liv.
847 1488 942 1531 libr.
967 1505 997 1530 1.
1028 1503 1117 1542 cap.
1140 1487 1205 1529 26.
1225 1488 1301 1527 ubi
1322 1487 1410 1528 de
1398 1502 1491 1528 rute

41 1543 359 1598 provocationis
385 1559 407 1582 a
428 1545 681 1583 Duumviris
705 1545 755 1584 ad
778 1548 982 1599 populum
1000 1549 1126 1600 lege8‚
1145 1555 1186 1585 et
1198 1543 1490 1588 Gelliumlibr

44 1614 106 1640 xv.
128 1614 219 1653 cap.
245 1599 309 1641 14.
339 1602 542 1639 Mamilia
561 1601 619 1638 ad
632 1602 815 1641 tribunos
837 1603 974 1654 plebei
989 1604 1256 1654 provocavit,
1290 1601 1489 1640 nimirum

44 1671 68 1696 a
86 1659 261 1710 populo.
282 1655 333 1697 de
347 1658 644 1709 ἐφέσειουιοω,
663 1657 845 1708 silubet,
859 1657 1387 1710 Etymologumconsuleet
1403 1656 1492 1697 He-

45 1714 244 1782 sychium.
295 1709 522 1766 Ἐφέσιμος
539 1715 630 1781 δίκη
648 1725 710 1754 est
727 1714 839 1769 apud
862 1715 1188 1754 Demosthenem.

79 1809 85 1813 ,
155 1785 251 1810 οταν
270 1769 359 1822 τὶς]
388 1770 479 1812 MS.
501 1765 564 1812 ὅτ’
585 1769 636 1811 οἷν
658 1788 729 1821 τις,
759 1781 807 1810 ut
828 1771 916 1811 fere
935 1785 1110 1826 semper.
1167 1777 1277 1813 Iunc.

155 1822 186 1877 ἢ
204 1827 407 1878 δημοτῶν]
438 1827 638 1866 Desunt
627 1842 670 1865 ln
689 1828 783 1868 MS.
806 1824 834 1882 η’
850 1830 1041 1882 δημοτῶν.
1100 1835 1204 1870 IuNc.

156 1880 361 1931 ξενικόνδ
373 1882 396 1938 ]
429 1881 473 1923 G.
497 1883 547 1922 A.
577 1882 709 1932 ξεστὸν
731 1884 1009 1938 δικαστήριον,
1042 1898 1147 1938 quae
1163 1883 1296 1923 lectio
1318 1880 1492 1923 videtur

47 1936 266 1992 designare
286 1948 443 1979 certum
464 1937 755 1990 dicasterium,
786 1950 827 1980 et
857 1941 1006 1994 politis
1033 1942 1161 1995 lignis
1190 1939 1492 1993 lapidibusque

45 2003 298 2034 extructum.
330 1994 442 2034 forte
453 2009 527 2048 per
545 1993 681 2045 ξεστὸν
701 1996 958 2052 δικαστήριον
975 1997 1183 2050 intelligit
1197 1997 1422 2044 theatrum,
1439 1993 1491 2033 ad

47 2049 162 2105 quod
191 2050 446 2103 provocavit
478 2052 730 2102 Euripides,
772 2069 863 2094 cum
898 2053 1027 2125 apud
1037 2053 1205 2093 Iudices
1227 2061 1492 2092 accusaretur

44 2116 219 2177 propter
243 2121 407 2146 veroum
430 2107 548 2146 illum
571 2109 811 2162 pessimum,
841 2129 868 2164 η
887 2108 1027 2166 γλῶσσ’
1053 2107 1235 2164 ὄμώμοχζ
1264 2105 1292 2161 ἦ
1312 2109 1354 2150 δὲ
1380 2105 1490 2160 φρὴν

46 2160 264 2217 ἀνώμοτος.
294 2161 445 2215 lingua
466 2165 641 2212 iuravit,
673 2179 784 2205 mens
803 2182 894 2206 vero
911 2176 971 2206 est
995 2170 1201 2217 iniurato,
1230 2179 1365 2219 eoque
1386 2167 1492 2202 allu-

45 2233 136 2259 aum
157 2233 180 2258 a
201 2221 365 2261 Nostro
426 2218 553 2273 Quod
577 2220 613 2258 si
643 2219 853 2263 doctiores
885 2224 1058 2264 meliora
1087 2221 1307 2262 attulerint
1333 2221 1376 2258 in
1398 2233 1491 2258 me-

47 2274 189 2326 dium,
230 2285 395 2315 nostras
424 2275 690 2316 coniecturas
718 2293 803 2317 una
831 2280 958 2320 litura
990 2293 1137 2319 sanare
1168 2277 1339 2332 poterit.
1399 2275 1490 2314 Nec

46 2334 218 2386 vulgata
249 2332 382 2372 lectio
415 2333 522 2371 mala
552 2341 637 2386 est,
667 2333 703 2372 εἰ
733 2334 997 2393 intelligatur
1015 2338 1203 2390 ἔκκλητον
1224 2329 1487 2387 δικαστήοιον.

43 2393 187 2427 Kum.

156 2499 357 2567 ἔκκλητοι]
405 2501 533 2542 Gloss.
555 2451 1044 2557 ἕκκλητοςῗῧαρρεὶἰαιίο,
1070 2505 1326 2556 provocatiO.
1358 2503 1490 2556 ἔκκλη-

45 2572 124 2609 της
149 2553 169 2598 ὅ
205 2555 422 2611 ἐκκαλούμε
427 2575 515 2607 τος,
554 2561 796 2610 appellator.
848 2562 996 2600 confer
1025 2562 1200 2613 Hesych.
1235 2561 1279 2598 in
1309 2561 1494 2613 ἕκκλητος

44 2615 151 2666 δίκη,
180 2623 222 2652 et
243 2615 479 2668 Etymolog.
498 2615 543 2654 in
565 2616 744 2670 ἕκκλητος
770 2615 894 2669 πόλις.
926 2627 1151 2671 utrumque
1170 2617 1390 2658 ΡΙιανονὶη.
1413 2631 1491 2671 pro

91 2691 218 2726 Pollux
247 2692 326 2727 Vol.
354 2693 403 2731 V.
1131 2683 1171 2726 V
1193 2698 1219 2725 V
