1696 3028
655 121 756 163 VII.
818 125 888 168 29.
1421 126 1507 170 257

35 234 181 276 forte‘
165 243 310 291 xtaque
330 235 602 278 scribendum
618 240 719 292 λινῷ
738 255 766 304 η
749 233 892 292 ”ἐρε’ῳ
923 237 1075 293 ἐσθῆτα
1085 236 1201 293 ἕρὲαν
1215 237 1343 280 etiam
1361 237 1407 278 in
1422 240 1506 279 Po-

33 293 156 333 Ιίεἰοο
182 294 385 334 Platonis
410 294 568 350 legisse
594 294 770 335 memini
793 309 881 336 non
897 299 1038 339 semel.
1101 296 1270 360 Capitis
1285 297 1504 351 sequentis

31 349 220 419 priorem
236 359 400 420 pax-tem
419 352 564 392 statim
586 350 757 392 adnecti
776 351 1164 406 praecedentibus'
1150 367 1235 394 lam
1253 352 1361 393 dixi.
1392 359 1504 394 Imm.

145 401 364 474 ὄῖστεύων]
399 405 525 449 Pro’
504 407 711 460 οϊστεύων,
732 405 754 452 ὃ
773 409 914 452 ἱστεών
927 411 1102 464 reposui
1123 410 1171 450 in
1189 419 1330 462 textu,
1361 420 1405 452 et
1414 425 1505 452 cor-

30 473 201 506 rexerat
217 464 279 504 ita
298 478 475 521 quoque
486 466 532 505 in
550 479 631 506 suo
653 465 811 508 Codice
835 466 1008 509 C1ariss.
1027 468 1263 510 Kuehnius.

145 521 244 580 ἐρέω
257 523 399 582 ἱματίω
403 523 431 578 ]
447 522 541 566 MS
562 524 717 582 3Q3cov‘
700 526 882 580 ιματίων,
910 528 1029 565 nulla
1042 527 1247 566 Platonis
1264 523 1503 569 mentione.

30 583 161 623 sam.

55 642 57 644 ’
145 636 244 691 ἐρὲῳ
273 636 458 693 Σματίῳ.]
507 638 590 679 Pro
622 637 663 694 ἔρ
668 637 718 694 έῳ
754 632 1143 692 Falckenburgius
1153 639 1200 679 in
1233 652 1311 679 suo
1340 626 1505 682 Codice

31 693 279 737 emendavit
296 695 340 751 ἕρ
344 697 392 754 ίῳ
409 696 503 736 sine
521 696 638 735 omni
642 656 796 736 9dubio
814 696 1048 751 respiciens
1065 695 1117 736 ad
1141 699 1286 736 locum
1303 698 1504 737 Platonis

30 751 79 794 in
101 751 277 806 Gratylo
290 766 389 808 pag.
414 751 515 794 edit.
534 753 669 795 Basil.
692 752 762 810 49.
802 751 878 792 ubi
898 754 1093 824 Soet-'ates
1114 753 1198 794 ait:
1233 749 1386 797 οὐκοῦν
1402 755 1505 798 ἐπει-

30 805 110 857 δᾶν
135 810 205 867 δέῃ
231 813 362 869 λεπτῷ
387 812 551 864 ἱματίῳ,
579 807 610 864 ἢ
632 817 761 866 παχεῖ,
789 807 818 866 ἢ
835 813 960 866 λινῳ,
966 807 1004 864 ἦ
999 807 1131 867 ’ἐρίῳ,
1157 806 1187 863 ἢ
1204 806 1411 866 οποιῳοῦν
1427 829 1506 855 τινι

28 852 217 933 κερκίδα
209 873 343 910 ποιεῖν
358 877 440 908 etc.
499 867 657 908 Verum
675 870 718 925 ἐρ
721 869 771 924 ἐῳ
790 867 858 907 uti
875 841 1034 907 Po'llux
1051 876 1200 908 noster
1217 855 1360 922 habet,
1391 869 1504 925 legi-

29 931 101 963 tur
115 923 162 963 in
180 923 272 965 eius
288 926 473 964 Politice
476 939 583 994 pag.
614 886 718 967 125?
724 910 851 996 ἐρέου
866 922 1151 979 προβληματος
1153 898 1406 993 ἕργαστικῗην
1418 936 1502 967 etc.

29 988 73 1020 et
100 983 232 1035 paulo
262 981 399 1023 infra:
442 979 567 1025 έᾶν”
540 979 610 1037 αρ’
634 978 762 1037 αυτὴν
786 998 867 1024 των
883 983 1118 1036 ἐπιμελειῶν
1144 978 1293 1025 ὁπόσαι
1314 983 1410 1038 περὶ
1428 981 1505 1038 τήν

26 1037 144 1090 ἕρὲαν
159 1039 328 1091 ἐσθῆτα,
350 1041 407 1088 ἐῖς
418 1037 492 1092 τὴν
511 1041 722 1094 καλλίστην
731 1039 800 1083 καὶ
817 1039 1006 1095 μεγίστην
1022 1042 1165 1082 πασῶν
1181 1045 1380 1094 τιθωμεν,·
1398 1055 1503 1080 con-

28 1093 218 1136 siderent
241 1109 344 1151 etgo
370 1095 533 1149 critici,
574 1111 628 1137 an
654 1097 768 1139 forte
784 1107 829 1138 et
848 1097 896 1136 in
911 1097 1052 1153 priori
1070 1100 1170 1139 loco
1187 1095 1388 1138 Platonis
1404 1098 1503 1158 ἐρέω

26 1151 174 1207 potius
196 1165 323 1208 quam
339 1153 436 1213 ἐρίῳ
456 1154 516 1196 eit
533 1153 776 1211 legendum.

143 1264 220 1312 οσα
235 1267 330 1324 περὶ
347 1283 382 1311 τ.
401 1276 481 1310 etc.
489 1268 506 1323 ]
537 1267 714 1309 Titulus
732 1269 853 1311 abest
869 1284 891 1310 a
910 1268 958 1313 C,
978 1269 1032 1310 A.
1089 1273 1241 1313 sznu.

139 1328 466 1382 ταλασιουργεῖν]
495 1331 798 1383 ταλασιουργεῖν
813 1326 934 1368 abest
959 1342 985 1368 a
1003 1323 1331 1373 C.A.1<m³1m.

139 1384 472 1454 ταλασιουργεῖν]
508 1385 559 1424 In
575 1383 670 1426 MS.
688 1384 809 1426 deest
825 1390 1142 1440 ταλασιουργεῖν.
1200 1392 1317 1428 Iuno.

138 1441 206 1484 καὶ
228 1438 373 1491 αλλος]
414 1440 542 1508 Quid
561 1441 647 1481 sibi
675 1441 748 1482 hic
773 1443 880 1483 velit
903 1441 1014 1481 illud
1033 1443 1102 1484 καὶ
1122 1442 1241 1493 ἄλλος
1260 1452 1359 1484 ante
1373 1447 1504 1487 καλα-

24 1499 184 1548 θίσκος,
211 1512 304 1538 non
321 1498 430 1540 bene
448 1499 593 1552 capio,
621 1509 665 1540 et
683 1498 876 1540 haereret
893 1513 1020 1554 aqua,
1048 1498 1133 1539 nisi
1151 1499 1373 1542 commode
1390 1501 1500 1542 mihi

25 1570 116 1596 sese
133 1554 309 1596 offerret
338 1555 566 1612 ingeniosa
589 1555 838 1597 coniectura
868 1556 933 1600 Cl
962 1556 1046 1597 mei
1078 1558 1287 1610 Kuelznii,
1321 1558 1395 1614 qui
1419 1573 1502 1600 vo-

25 1626 145 1708 θοαὶ
141 1610 374 1668 κᾶρταλλος,
404 1613 589 1667 fiscella,
620 1613 690 1654 sui
719 1612 883 1655 codicis
903 1627 1001 1655 orae
1018 1612 1260 1655 adnotavit.
1294 1614 1390 1657 vid.
1410 1621 1504 1658 He·—

26 1684 46 1709 ε
73 1685 95 1709 c
126 1671 230 1712 ium.

40 1685 72 1724 y
139 1726 408 1783 καλαθίσκος]
440 1725 677 1784 Sequitur‘
663 1744 711 1768 m
731 1727 776 1771 C.
793 1727 847 1770 A.
864 1728 932 1770 και
949 1745 1068 1782 πειρα
1102 1730 1395 1785 superscripto
1425 1729 1501 1774 πό·

27 1800 127 1854 ρων,
149 1785 267 1839 quod
283 1796 327 1826 et
348 1786 395 1827 C.
420 1786 472 1828 V
498 1785 639 1830 habet.
667 1788 782 1828 forte
796 1784 925 1844 πόρος
941 1785 987 1826 id
1006 1789 1118 1838 ests
1100 1790 1254 1827 lorum
1273 1791 1499 1829 transitus

25 1838 210 1911 κατάγειν
227 1856 315 1883 non
331 1842 462 1884 habet
480 1842 530 1884 C.
547 1843 599 1886 A.
658 1851 807 1885 Kumm

142 1895 374 1949 Ευπόλιδος
385 1901 486 1968 etc]
519 1895 839 1952 Εὗπόλιδοςεῐο.
858 1902 1112 1945 καλαθίσκον
1130 1900 1284 1942 desunt
1302 1915 1395 1943 cum
1415 1918 1502 1945 me

27 1956 114 1996 diis
135 1966 180 1998 et
203 1971 310 1998 voce
329 1953 517 2012 κατάγειν
533 1958 579 1996 in
595 1959 691 2001 MS.
710 1958 786 1998 ubi
812 1960 874 2000 ita
888 1959 1037 2000 habet.
1067 1960 1135 2001 καὶ
1152 1957 1309 2012 πόρων,
1339 1962 1404 2003 καὶ
1425 1976 1501 2029 πη·

28 2031 120 2057 νιον
143 2020 380 2070 καταγαγεῖν
407 2025 489 2055 etc.
527 2014 605 2054 ubi
629 2015 681 2056 de
708 2016 787 2057 illo
818 2014 991 2074 πόρων,
1022 2015 1140 2072 quod
1168 2018 1263 2058 MS
1286 2032 1366 2072 pto
1389 2015 1502 2074 πήρα

23 2070 170 2123 habet,
204 2069 508 2141 quaerendum.
564 2077 672 2114 Imm.

141 2126 185 2172 τὸ
216 2124 258 2172 δ’
285 2124 385 2171 αυτὸ
412 2126 436 2149 ¹*
467 2130 534 2171 καὶ
560 2129 770 2186 μήρυγμα]
813 2131 908 2174 MS.
940 2130 985 2174 τό
1023 2132 1066 2174 δὲ
1092 2127 1189 2174 αὐτὸ
1213 2132 1282 2174 καὶ
1318 2149 1498 2186 μηρυμα.

27 2200 114 2242 quo
130 2185 278 2241 itaque
296 2185 379 2226 iam
401 2185 604 2240 nitamur,
627 2196 671 2227 et
685 2202 763 2241 pro
788 2192 967 2244 vulgato
983 2187 1175 2244 μήρυγμα
1191 2188 1301 2229 illud
1320 2203 1499 2243 repona-

25 2258 133 2284 mus.
173 2244 419 2284 coniecerat
448 2243 509 2283 ita
534 2254 578 2284 et
599 2243 658 2284 H.
692 2245 930 2298 Stephanus
958 2245 1012 2285 ad
1038 2261 1160 2286 suum
1187 2245 1408 2298 Codicem,
1442 2259 1500 2285 an

24 2298 190 2356 μήρυμα
204 2300 226 2340 ‘?
257 2310 300 2341 et
318 2300 555 2353 Sylburgio,
571 2310 621 2341 ut
639 2301 810 2342 Seberus
826 2313 976 2344 noster
989 2303 1176 2352 notavit,
1192 2303 1335 2344 idem
1324 2319 1368 2342 ιη
1383 2318 1498 2371 men-

26 2366 111 2398 tem
130 2358 266 2398 venit.
325 2357 521 2398 Emenda
540 2367 583 2399 et
601 2372 694 2398 cum
717 2359 949 2431 Syllmrgio
952 2359 1102 2402 eodem
1118 2361 1394 2413 Hesychium:
1426 2356 1499 2414 μή·

27 2431 134 2472 ρυμα
153 2418 280 2468 (male
299 2418 503 2470 vulgatur
513 2413 711 2484 μήρισμα)
732 2415 911 2473 κάταγμα
927 2415 957 2471 ἢ
974 2416 1137 2472 σπάσμα
1159 2419 1288 2473 ἐρίου.
1346 2423 1451 2458 IUNG.

137 2469 355 2541 μήρυγμα]
384 2473 453 2511 An
470 2470 670 2527 μήρυμαῖ
704 2474 1075 2529 Sylb.Repe1itur
1094 2485 1138 2516 et
1155 2474 1394 2568 μήρυσμαὸ
1411 2479 1494 2513 San.

138 2528 357 2585 μήρυγμα]
388 2530 518 2571 MSS.
540 2547 716 2600 μηρυμα.
734 2531 863 2573 MSS.
883 2533 1092 2572 δαίηιαεὶιῖ
1103 2542 1153 2571 ut
1174 2530 1394 2596 vulgatiG
1395 2531 1494 2569 loss.

25 2583 190 2641 μήρυμα
214 2594 414 2631 tractum.
455 2584 670 2642 μηρύματα
694 2597 850 2628 tracta.
888 2599 988 2643 post
1018 2607 1097 2644 μηρ
1100 2606 1182 2643 υμα
1207 2598 1270 2628 est
1291 2587 1336 2626 in
1365 2586 1414 2630 C.
1442 2587 1496 2628 A.

24 2645 91 2687 και
114 2646 357 2698 κροκοόἰλην
379 2652 460 2686 etc.
490 2659 569 2699 pro
588 2658 673 2702 quo
694 2644 743 2688 C.
763 2645 815 2687 V.
833 2645 1132 2703 κροκοὸύλλειν.
1153 2645 1279 2686 MSS.
1308 2644 1495 2687 salman.

67 2710 198 2745 Pollux
225 2711 305 2749 tol.
332 2714 368 2747 V
368 2736 378 2745 .
1179 2703 1220 2741 R
