1664 3016
116 124 198 165 688
719 119 842 159 VIII.
900 123 969 163 73.

116 250 191 276 νον
211 232 256 271 in
278 231 404 281 ἄλλως
423 231 491 286 μὲν
510 230 557 274 ὂν
574 233 641 271 vel
660 226 714 284 ἦν
733 230 978 271 mutandum
991 264 1002 281 ,
1035 241 1084 271 ut
1103 231 1246 286 priora
1263 231 1387 272 verba
1411 231 1572 285 accipe·

117 298 262 330 rentur
287 288 339 327 de
354 289 474 342 ligno
497 288 691 338 carceris,
723 289 956 341 posteriora
979 302 1081 329 vero
1108 288 1159 328 de
1178 287 1367 328 eiusdem
1385 288 1574 328 nominis

117 347 260 399 ligno,
299 345 414 398 quod
444 345 640 383 funiculo
665 358 922 398 appensum,
953 346 997 384 in
1018 344 1350 385 certaminibus
1338 359 1383 383 m
1403 343 1574 384 modum

120 401 228 439 disci
252 401 602 440 eiaculabantur
591 415 635 439 in
655 403 808 450 altum,
841 414 961 455 quem
982 416 1102 440 usum
1122 402 1300 454 Hesych.
1321 405 1485 466 σφαλλω
1504 400 1574 439 de-

120 457 219 496 dit
208 471 253 495 m
274 456 354 496 hac
377 471 494 500 voce.
553 456 640 498 Sed
669 456 721 497 de
748 456 828 496 hac
855 458 1103 498 coniectura
1127 456 1317 498 viderint
1348 444 1575 500 doctiores,

118 520 264 555 Kumm.

139 621 157 641 z·
235 567 476 624 ἆλλόμενον]
508 569 605 611 Ms.
626 566 876 625 ἇλλώμενον·
908 579 949 610 et
966 584 1066 610 mox
1081 568 1314 627 ἦρτημένῳ·
1346 568 1462 626 quod
1480 584 1573 608 cum

123 628 154 685 ᾧ
183 628 404 668 convenit.
464 628 716 680 Hesychius,
746 625 860 681 apud
896 642 1018 681 quem
1044 625 1207 680 duplici
1233 632 1278 669 λλ
1300 636 1383 678 est,
1416 625 1467 666 de
1490 625 1574 666 hoc

121 672 207 725 i‘ta.
238 682 452 737 Σφαλλός,
483 685 562 726 ἔστι
583 682 657 740 γὰρ
687 681 804 735 ξύλον
827 687 966 726 ποδων
988 681 1274 737 δεσμωτήριον
1305 686 1347 726 οἱ
1363 683 1406 726 δὲ
1421 681 1578 751 κορμὸν

121 739 151 796 ἢ
168 743 327 792 δίσκον,
358 740 467 783 ἄλλοι
496 742 709 790 δισκοειδές
726 758 762 783 τι
782 746 946 792 σκεῦος,
978 738 1231 807 μολύβδινον,
1261 740 1351 794 ἕχον
1367 741 1522 794 κρίκον,
1553 735 1578 781 ὃ

123 796 393 851 δεσμοῦντες
367 798 465 852 υπὲρ
478 796 551 850 τὴν
563 797 741 851 κεφαλὴν
753 799 963 850 ῥίπτουσιν
987 799 1029 839 ἐν
1049 803 1131 845 τοῖς
1148 791 1291 851 ἆγῶσι·
1321 794 1432 850 apud
1453 809 1576 850 quem

123 869 175 895 an
199 858 338 897 ποδῶν
359 855 600 909 δεσμωτικόν
618 854 868 910 legendum.
856 854 877 884 ‘2
908 864 1006 909 post
1030 851 1270 908 μολύβδινον
1281 866 1450 909 quoque
1466 866 1578 892 com·

122 926 188 951 ma
206 910 441 951 tollendum
463 910 647 951 videtur.
706 919 812 951 Iuno.

236 965 452 1020 οἳλλὸμενον
466 978 543 1008 etc.
558 969 576 1020 ]
618 969 729 1008 Mox
748 964 973 1022 ἤρτημὲνον
994 966 1159 1022 vulgati
1181 964 1416 1006 habebant:
1446 964 1580 1006 resti—

124 1025 189 1065 tui
207 1021 426 1090 ᾗρτημένῳ.
486 1024 680 1064 Ceterum
706 1023 756 1064 de
777 1024 1075 1064 emendatione
1097 1023 1214 1063 vocis
1235 1018 1452 1075 ἆλλόμενον
1470 1034 1579 1076 quae

123 1084 337 1123 coniectat
351 1082 568 1121 Kuelmius
589 1090 735 1121 noster
750 1081 980 1135 posteriori
996 1084 1093 1120 loco
1113 1079 1344 1119 certissima
1364 1077 1579 1119 videntur.

237 1195 382 1247 στίξαι]
413 1195 492 1235 Pro
513 1196 637 1246 στίξαι
661 1194 755 1235 MS.
781 1197 923 1245 στίξας.
957 1192 1156 1233 omissum
1171 1190 1359 1232 deinde
1346 1205 1392 1230 m
1413 1204 1465 1231 eo
1484 1191 1581 1234 ἐστι’·

123 1257 240 1308 χθην.
299 1257 404 1291 Iuno.

238 1309 438 1362 ἐστίχθην]
457 1308 565 1363 Leg.
586 1309 761 1375 ἒστίχθη,
782 1309 890 1347 notis
907 1307 1199 1358 ignominiosis
1218 1311 1486 1357 compunctus
1507 1311 1578 1342 est.

127 1368 351 1421 στιγματίας
370 1368 545 1417 Inter-pr.
569 1367 787 1417 mastigia,
818 1363 933 1418 quod
948 1372 1009 1402 est
1029 1363 1234 1403 Graecum
1253 1363 1471 1416 μαστιγίας,
1491 1374 1579 1398 νεν-

128 1425 239 1474 bero,
269 1422 312 1460 in
336 1422 511 1472 Glossis,
541 1422 789 1468 verbero-ms,
821 1420 1067 1472 vapularis.
1088 1421 1337 1484 flagriones,
1366 1419 1579 1472 μαστιγίαι·

128 1489 172 1520 at
192 1481 416 1534 στιγματίας
433 1488 510 1531 est,
538 1478 681 1530 fronte
696 1479 914 1530 literatus,
945 1476 1068 1516 cuius
1088 1476 1223 1515 fronti
1244 1475 1386 1514 inusta
1406 1474 1581 1529 stigma-

127 1543 388 1580 ta,KuE}1N.

241 1592 531 1646 ἐστηλίτευσαν]
566 1591 686 1646 Quos
700 1599 902 1645 perpetua
925 1589 1162 1642 ignominia
1183 1598 1354 1628 notatos
1366 1587 1580 1639 volebant,

128 1665 274 1692 eorum
314 1650 488 1688 nomina
523 1648 656 1688 aereis
691 1647 900 1687 columnis
937 1646 1141 1698 inscripta
1183 1645 1386 1684 extabant
1416 1644 1461 1684 in
1488 1659 1582 1684 arce

127 1708 403 1748 Athenarum.
435 1705 524 1746 vid.
557 1705 769 1745 'Binan-li.
793 1704 839 1743 in
867 1702 952 1743 fine
979 1702 1097 1743 Orat.
1116 1702 1305 1756 Aristog.
1325 1711 1367 1742 et
1388 1701 1472 1741 hoc
1494 1710 1584 1741 erat

127 1761 435 1818 στηλιτεῦεσθαι.
493 1768 642 1800 Kumm.

242 1818 636 1888 ἐστηλοκοπημὲνος]
686 1815 1052 1870 ἐστηλοκοπημὲνος
1082 1813 1174 1856 MS.
1206 1827 1291 1853 non
1322 1812 1473 1862 habet,
1509 1811 1582 1854 sed

128 1891 206 1931 pro
227 1891 301 1918 eo:
333 1875 462 1925 οὕτως
483 1874 558 1930 γὰρ
575 1872 838 1943 Τπερείδης·
870 1887 922 1912 an
939 1873 1092 1942 itaque
1117 1873 1278 1910 Pollux
1298 1871 1358 1910 ita
1378 1873 1584 1924 supplen-

131 1933 237 1972 dus.
224 1934 244 1962 ⁴2
276 1933 691 1986 κατεστηλιτευμένος·
715 1947 841 1979 ουτως
856 1947 931 1985 γα)
939 1925 1185 1984 Τπερίδης·
1208 1929 1438 1993 ἐστηλοκοπ.
1470 1932 1581 1967 Imm.

244 1988 648 2057 ἐστηλοκοπημένος]θ
656 1987 772 2026 Huic
785 1986 880 2026 voci
902 1985 1050 2026 Codex
1066 1984 1445 2038 praestantissimus
1455 1985 1583 2022 Falc-

130 2046 350 2099 kenburgii
368 2045 564 2084 subiicit:
598 2042 700 2087 οὕτω
722 2061 796 2099 γαρ
815 2040 920 2085 ‘eYn
924 2045 1048 2097 ρίδης,
1065 2041 1216 2096 quibus
1235 2042 1472 2079 Pollae-eum
1492 2049 1583 2079 tex-

130 2113 222 2143 tum
246 2102 359 2142 auxi.
418 2101 522 2140 De
510 2115 600 2171 xpsa
623 2115 722 2140 vero
740 2115 782 2139 ιε
803 2099 1011 2140 videndus
1034 2108 1097 2139 est
1121 2098 1317 2152 antiquus
1335 2097 1380 2135 in
1395 2097 1583 2135 Nazian-

132 2162 226 2199 zeni
249 2156 565 2212 στηλιτευτικοῦς
589 2156 733 2221 λόγους
752 2165 1076 2196 commentator.
1107 2152 1393 2206 στηλιτευτικός
1415 2153 1457 2195 δὲ
1477 2154 1584 2206 εἴρη·

132 2233 211 2268 ται,
246 2215 405 2270 inquit,
426 2214 500 2254 ubi
523 2214 731 2253 rationem
752 2215 931 2267 profert,
967 2227 1091 2282 quam
1111 2220 1288 2265 propter
1305 2210 1584 2262 στηλιτευτικοὶ

134 2273 330 2312 dicantur
348 2272 447 2312 illae
474 2271 671 2323 Gregorii
690 2269 941 2318 Orationes,
973 2266 1053 2310 ἆπό
1076 2271 1307 2321 μεταφορᾶς
1326 2270 1397 2319 τῆς
1419 2264 1582 2319 στήλης·

134 2328 254 2387 στήλη
278 2329 357 2371 δὲ’
340 2330 421 2370 εστι
449 2330 580 2378 λίθος,
601 2324 629 2379 ἢ
650 2325 793 2381 χαλκὸς
818 2329 859 2369 ἐν
887 2323 1069 2396 ἐπιμήκει
1087 2323 1312 2380 τετραγώνῳ
1331 2321 1508 2376 σχήματι,
1540 2324 1584 2365 ἐν

136 2387 167 2440 ᾠ
185 2387 440 2442 ἐγγέγραπται
461 2403 487 2439 η
513 2389 584 2426 τοῦ
604 2385 930 2438 στηλιτευομὲνου
949 2382 1086 2438 ὕβρις·
1117 2366 1343 2434 eademque
1360 2379 1488 2419 habet
1505 2379 1585 2419 ad-

136 2443 239 2482 ditis
272 2451 485 2496 praeterea
517 2440 722 2494 exemplis
758 2441 802 2479 in
838 2440 967 2479 initio
1000 2452 1099 2478 suae
1127 2441 1364 2491 συναγωγῆς
1394 2438 1583 2479 Nonum.

135 2500 202 2539 Ab
220 2499 302 2539 hoc
326 2499 506 2553 antiquo
534 2511 649 2536 more
675 2497 870 2550 στηλιτεύ
859 2515 912 2539 ιν
934 2494 1022 2538 τινὰ
1039 2494 1066 2547 ἢ
1089 2498 1346 2547 στηλοκοπεῖν
1377 2491 1583 2548 designat,

133 2557 297 2609 publice
323 2554 504 2607 aliquem
524 2569 576 2594 ac
597 2557 642 2592 in
660 2557 843 2593 omnium
866 2557 991 2607 quasi
1011 2559 1231 2603 conspectu
1247 2551 1474 2595 traducere.
1508 2563 1584 2589 eo-

136 2627 218 2669 que
237 2626 363 2653 sensu
383 2617 530 2667 στηλιτε
533 2611 663 2654 υτικοὶ
680 2612 948 2651 Nazianzem·
969 2618 1070 2649 sunt
1089 2606 1374 2663 intelligendi.
1415 2609 1583 2661 elegan-
