1664 3016
683 125 784 167 VII.
843 126 937 170 195.
1461 128 1547 172 547

201 234 413 292 εἰρηκότος
433 237 639 294 Φρυνίχου
660 239 768 294 etc.]
801 241 872 281 De
891 239 1126 295 Phrynichi
1152 239 1384 294 Tragoedis
1400 248 1443 281 et
1453 239 1545 282 eius

89 309 216 336 vernn
237 295 511 335 Gaoaubonus
536 305 681 336 noster
702 296 918 337 videndus
938 311 1005 337 vr.
1036 297 1190 339 Athen,
1221 295 1261 338 5.
1282 297 1359 337 ubi
1378 311 1545 338 versum

182 351 463 403 sanissimum,
478 361 534 391 ut
554 351 630 403 ait,
656 352 716 391 ita
738 354 1065 407 interpretatur:
1100 353 1252 401 Curius
1264 354 1410 394 vernis
1419 369 1547 408 quam

87 409 206 450 ullu
219 409 438 450 Achil-’m
464 422 543 449 nee
564 407 799 449 audiendos
820 410 883 450 ait
899 410 974 465 qui
995 424 1143 453 vocem
1160 409 1403 466 τιμιοπῶλης
1422 410 1547 452 aliter

80 462 440 519 interpretantur.
482 463 619 520 deque
650 464 734 506 hoc
761 480 914 522 benere
938 465 1204 506 venditionis
1228 467 1356 506 etiam
1377 482 1431 508 ex
1454 468 1548 506 Di-

83 520 204 574 plu‘lo
222 521 419 571 meminit
441 530 628 562 extremo
646 536 735 576 cap.
754 536 794 564 2.
813 522 914 562 libri
930 522 1118 564 eiusdem
1141 523 1269 564 sexti.
1324 523 1546 563 Amicissi-

85 591 182 618 mus
203 578 447 618 Salmasius
463 581 717 633 τυμβοπῶλαι
739 582 901 618 mavult
924 578 1144 621 emendare
1154 607 1174 628 ,-
1199 580 1424 636 ingeniosa
1445 595 1547 635 pet-

89 647 215 689 quum
234 633 480 676 coniectura
503 645 547 675 et
566 649 667 675 vero
691 636 848 677 simili:
880 635 972 676 eius
988 635 1115 675 verba
1131 635 1183 675 ad
1197 652 1261 677 me
1280 638 1435 687 recito:
1470 638 1546 677 Vc·-

87 689 167 730 deo
178 690 330 743 facile.
361 692 508 745 quales
525 695 687 744 possint
707 707 793 732 esse
808 697 1058 746 τιμιοπῶλαι,
1078 701 1119 731 et
1136 696 1310 746 quinam
1329 696 1442 733 sint.-
1470 697 1547 747 qui

88 761 191 787 care.
205 748 391 789 madeant
410 750 572 788 scilicet
593 750 658 788 ita
674 758 854 802 possunt
868 752 1024 791 vocari.
1051 753 1192 802 χρῆσις
1208 758 1349 789 tamen
1367 753 1414 790 in
1425 765 1547 790 versu

88 806 167 858 qm·
188 804 423 844 adducitur
444 807 491 845 in
510 807 805 856 testimonium,
833 807 921 846 alio
944 820 1007 845 me
1030 815 1156 844 vocat
1175 815 1217 845 et
1237 807 1385 846 suadet
1406 816 1455 846 ut
1482 809 1546 850 le-

84 875 192 915 gam
210 862 469 917 τυμβοπαῖλαι
477 891 492 914 ,
523 875 601 915 pro
619 867 871 917 τιμιοπῶλαι.
900 877 1046 903 versus
1064 863 1303 917 Phrynichi
1320 866 1386 903 ita
1402 867 1551 904 conci-

79 918 283 972 pientius:

362 972 414 1018 σύ
431 973 475 1018 δὲ
493 972 771 1030 τυμβοπόλης,
802 971 858 1025 ὦς
873 971 1062 1030 Ἀχιλλεύς
1081 973 1176 1018 οὐδὲ
1199 973 1268 1026 εἷς.
1462 1027 1465 1028 ⁷

85 1027 248 1071 Planus
269 1030 368 1070 inde
388 1046 533 1071 sensus
553 1048 602 1072 ex
618 1041 763 1072 nostra
780 1035 1045 1075 correctione.
1089 1047 1217 1086 quare
1232 1033 1423 1074 Achilles
1437 1052 1545 1088 τυμ-

86 1085 277 1143 βοπῶλης
292 1087 478 1139 dicatur,
491 1090 666 1128 eruditis
683 1096 830 1128 notum
845 1103 931 1128 esse
944 1097 1075 1142 potest
1102 1105 1149 1129 ex
1166 1090 1352 1145 sabulis.
1382 1097 1424 1134 Is
1435 1095 1545 1131 enim

86 1143 282 1191 Hectoris
300 1146 507 1185 tumulum
533 1146 721 1186 vendidit
746 1154 822 1185 ete.
878 1146 998 1188 Haec
1016 1145 1102 1187 ille.
1130 1147 1231 1186 vide
1253 1161 1355 1188 vero
1378 1163 1432 1188 ue
1442 1147 1542 1191 MS.

87 1210 235 1241 noster
254 1202 371 1240 solus
398 1215 536 1242 veram
566 1202 795 1243 lectionem
822 1203 1072 1254 servaverit,
1105 1204 1179 1257 qui
1197 1208 1442 1258 τομιοπῶλαι
1460 1204 1545 1244 ha-

86 1255 159 1297 bet
172 1270 186 1299 z
216 1255 333 1311 quod
351 1257 389 1296 si
409 1267 452 1299 et
472 1258 518 1297 in
537 1259 811 1311 Phrynicheis
826 1257 1080 1314 τομιοπῶλης
1100 1260 1274 1312 scribas,
1303 1276 1391 1301 non
1416 1261 1545 1301 dubi·
1595 1301 1598 1303 .

87 1321 134 1352 to
161 1313 266 1368 quin
294 1326 440 1354 versus
465 1314 550 1354 sibi
580 1325 760 1356 constet.
819 1316 878 1355 Et
900 1317 1113 1356 succurrit
1141 1327 1383 1371 opportune
1403 1320 1545 1371 Hesy-

86 1369 236 1411 chius.-
270 1366 411 1422 τόμια,
443 1385 687 1426 exponens,
726 1370 775 1414 τὰ
804 1369 1070 1427 ἀποτμήματα
1093 1373 1159 1416 καὶ
1183 1371 1544 1429 ἇκρωτηριᾶσματα
1593 1413 1598 1416 r

84 1429 161 1469 τοῦ
171 1431 331 1481 νεκροῦ.
377 1427 473 1468 Viri
495 1427 612 1468 docti
630 1428 728 1469 MS.
748 1430 883 1469 nostri
899 1429 1144 1481 lectionem,
1181 1444 1306 1486 quam
1328 1441 1450 1471 antea
1471 1431 1544 1471 ad-

84 1482 356 1538 scripsimus,
395 1484 728 1526 considerabunt
755 1486 923 1538 denuo,
967 1495 1010 1527 et
1047 1488 1190 1527 omnia
1217 1485 1342 1527 uobis
1364 1486 1544 1534 reddent

83 1543 228 1596 plana.
285 1546 394 1584 que.

197 1596 400 1652 εἰρηκότος
420 1598 626 1652 Φρυνίχου
645 1599 760 1653 ete‚]
788 1603 1025 1652 τιμιοπῶλαι
1053 1609 1167 1641 recte
1196 1614 1241 1641 se
1256 1597 1410 1641 habere
1432 1599 1540 1640 mihi

85 1652 310 1694 videntur:
350 1668 439 1695 non
467 1664 607 1696 tamen
645 1655 852 1695 salmasii
874 1654 1140 1712 τυμβοπώλας
1166 1656 1380 1709 damnem,
1420 1657 1542 1697 cuius

86 1711 178 1764 ipse
193 1711 394 1752 lectionis
414 1711 600 1752 rationes
619 1709 757 1754 adfert
775 1714 820 1752 in
842 1714 932 1764 ina,
964 1728 1089 1769 quam
1113 1714 1185 1754 hic
1208 1716 1544 1767 [unger-mannus

86 1777 232 1807 noster
253 1767 395 1815 habet,
413 1767 612 1822 epistola.
649 1769 723 1809 sed
742 1769 929 1822 adverte,
944 1785 1115 1825 quaeso,
1147 1773 1296 1811 lector.
1334 1771 1540 1809 Eustaeh.

90 1823 303 1864 Smer-tius
326 1826 517 1865 Analect.
537 1824 612 1865 lib.
635 1842 707 1869 ιιι.
734 1840 823 1879 cap.
838 1824 901 1870 15.
923 1827 1100 1868 eandem
1118 1826 1257 1867 adfert
1281 1826 1542 1867 emendatio·

88 1894 184 1921 nem
205 1878 338 1919 huius
364 1881 474 1920 loci:
504 1890 545 1921 et
572 1881 656 1936 ipsi
675 1897 844 1939 quoque
866 1882 1129 1939 τυμβοπώλης
1146 1887 1300 1938 placet.
1341 1898 1542 1937 ponerem

87 1935 213 1977 verba
223 1969 240 1988 ‚
267 1936 316 1975 ni
335 1950 384 1976 ea
403 1937 568 1992 integra
588 1939 634 1977 in
654 1940 794 1980 literis
820 1940 881 1981 cl.
906 1942 1114 1980 salmasii
1133 1943 1388 1995 legerentur.
1427 1939 1543 1989 unde

87 1991 207 2033 hoe?
237 1992 397 2047 inquis.
441 1993 549 2032 mihi
569 2004 681 2036 certe
707 1996 878 2038 videtur
903 1999 1114 2037 Susartius
1140 1998 1343 2036 salmasii
1360 1995 1412 2036 ad
1435 1999 1542 2036 Ιιιιι-

85 2063 364 2105 germannum
387 2049 615 2103 epistolas,
654 2066 849 2094 earumve
878 2057 1023 2095 seltem
1045 2053 1246 2110 quasdam
1275 2052 1489 2105 habuisse,
1519 2068 1543 2094 e

88 2106 243 2162 quibus
262 2105 378 2146 haud
391 2105 500 2146 bona
514 2105 596 2146 fide
617 2121 665 2147 ae
687 2111 867 2162 pessimo
886 2121 997 2152 certe
1009 2113 1209 2164 exemplo
1227 2109 1413 2164 sublegit
1428 2113 1541 2163 plus-

87 2166 199 2215 culs,
230 2177 280 2203 ae
311 2162 441 2203 verbo
471 2172 595 2203 tenus
625 2163 832 2221 descripta
866 2168 911 2206 in
942 2170 1079 2208 lucem
1103 2166 1235 2207 dedit.
1276 2181 1354 2206 nec
1375 2175 1417 2207 te
1440 2167 1542 2205 huic

86 2220 171 2260 soli
191 2218 417 2274 specimini
445 2218 569 2260 fidem
594 2219 747 2262 habere
774 2223 922 2265 velim:
954 2226 1130 2265 consule
1161 2238 1332 2279 quoque
1365 2239 1445 2273 ιιι,
1475 2235 1541 2278 92.

89 2275 142 2317 de
162 2291 274 2331 equo
296 2278 548 2332 βαδισματίᾳ,
579 2286 620 2317 et
646 2278 738 2320 103.
760 2277 812 2319 de
830 2284 1008 2338 γωματίᾳ
1025 2280 1180 2320 fluvio:
1213 2281 1374 2330 confer,
1403 2293 1542 2333 neque

89 2334 271 2387 amplius
285 2332 510 2375 dubitabis,
532 2332 604 2372 sed
622 2342 761 2374 tamen
778 2350 831 2375 ne
846 2337 961 2378 nibil
978 2338 1173 2378 attulisse
1192 2335 1403 2381 videatur,
1425 2333 1540 2388 quod

89 2387 142 2428 de
166 2390 337 2444 propria
366 2403 481 2442 penu
505 2389 561 2428 sit
581 2400 821 2444 promptum
836 2424 849 2445 ‚
889 2394 950 2434 ita
970 2403 1158 2436 extrema
1189 2391 1391 2433 versiculi
1418 2390 1540 2431 verba

88 2444 309 2487 emendat:
342 2442 460 2488 ου’ὁὲν
479 2444 535 2495 εἷς
559 2456 600 2485 et
623 2447 826 2500 exponit:

366 2506 429 2542 Tu
445 2503 670 2555 hustipola,
700 2518 833 2545 novus
850 2506 1053 2557 Achilles,
1081 2521 1123 2545 es
1141 2505 1264 2545 nihil.

88 2556 142 2598 de
188 2573 241 2597 ua
260 2558 556 2599 emendatione
571 2570 692 2600 tanto
717 2561 857 2601 minus
877 2562 1070 2603 iudicare
1090 2563 1205 2607 licet,
1225 2569 1385 2613 quanto
1400 2560 1539 2600 minus

86 2613 139 2655 de
159 2572 269 2654 dicti
294 2616 517 2656 occasione
534 2617 743 2658 novimus.
802 2619 861 2660 Et
881 2613 984 2660 haec
1003 2618 1173 2674 quidem
1195 2617 1348 2660 obiter.

1098 2686 1266 2729 Mm2
