1696 3028
669 118 772 162 VII.
820 118 898 163 115.
1435 117 1520 160 235

65 233 331 278 metiens
350 235 598 286 certissima,
625 233 794 275 tradita·
809 232 861 274 ab
884 233 976 286 ipse
996 232 1178 282 Polluce,
1196 231 1287 288 ·qui
1309 231 1421 272 infra
1435 246 1519 283 vn,

68 293 163 336 155.
191 292 268 333 ubi
293 291 345 335 de
366 290 619 351 ἆσπιδοποιῷ
630 323 641 344 ,
682 293 767 333 ait:
797 294 934 348 Λυσίᾳ
960 290 1003 333 δὲ
1019 291 1088 333 καὶ
1102 287 1220 345 λόγος
1237 287 1339 341 ὑπὲρ
1356 293 1428 333 τοῦ
1448 285 1521 331 ἆσ-

63 351 297 394 indemnati.
353 351 408 392 In
438 349 537 392 MS.
557 359 696 390 autem
725 348 880 389 desunt
914 349 993 387 ista
1023 349 1182 396 Λυσίας
1207 349 1281 400 εἴρ.
1312 349 1341 390 ἔ.
1361 363 1394 389 τ.
1414 363 1456 389 π.
1479 355 1522 387 et

67 416 205 449 cetera
227 407 524 463 omniausque
539 406 591 446 ad
610 407 708 446 ista:
755 404 918 449 Τούτων
941 414 1024 446 etc.
1055 403 1131 443 ubi
1153 419 1311 444 novum
1331 413 1458 458 caput
1475 403 1520 442 in

64 462 324 507 MS.1Alias
352 479 408 506 ue
440 464 620 505 ulterius
646 462 814 504 dubites
838 461 889 503 de
910 463 988 502 ista
1009 476 1139 511 voco,
1170 460 1390 502 observavi
1410 459 1520 501 idem

66 519 177 562 illud
195 525 269 576 τῆς
296 524 462 572 ἰσωνίας
491 520 607 575 apud
634 521 956 573 Aristophanem
985 533 1169 573 quoque,
1198 517 1313 572 apud
1331 533 1455 573 quem
1473 518 1520 558 in

67 576 226 638 Εἰρήνῃ
245 582 487 635 plusculum
509 593 531 616 a
554 577 638 618 fine
658 578 718 617 ita
748 581 983 631 Trygaeus:
1005 572 1110 619 Ἀλλ’
1129 574 1216 630 αἶρέ
1236 592 1305 629 μοι
1323 574 1464 618 τοῦτόν
1481 592 1524 630 γε

65 640 138 689 τῆς
155 638 330 687 ἰσωνίας.
362 650 472 691 quae
486 637 526 675 F
524 637 657 675 lorens
677 634 1277 686 Christianusinterpretatur:
1315 633 1427 684 Quin
1448 632 1522 672 ad-

65 693 132 744 fer
162 695 285 734 illam
310 702 350 733 et
379 693 582 734 tantidem
603 695 734 745 pretii
760 695 915 746 accipe.
952 690 1091 731 Verba
1110 703 1210 730 vero
1228 703 1337 744 quae
1363 689 1523 730 Noster

67 750 259 792 inveniri
278 750 340 792 ait
357 751 401 790 in
416 750 570 790 Atticis
587 752 838 804 ψηφίσμασι,
869 757 977 803 puto
990 747 1095 788 haec
1114 749 1259 786 saltem
1279 761 1386 787 esse:
1420 746 1525 790 εἶναι

67 804 176 867 αὐτῷ
193 808 263 852 καὶ
279 810 432 852 οἰκείαν
447 806 612 860 ὄνησιν,
635 821 742 861 quae
761 821 783 846 a
804 804 1020 860 prioribus
1033 804 1092 843 ita
1105 801 1316 856 distingui
1329 814 1523 857 possunt.

69 870 140 908 An
158 865 264 905 haee
283 874 504 918 postrema,
534 864 595 904 ait
609 864 848 904 Salmasius
874 876 1013 912 meus,
1042 863 1128 900 sint
1146 875 1194 898 ex
1210 862 1376 899 Atticis
1394 863 1525 915 ψηφί-

68 936 176 977 μασι,
206 922 399 962 dubitare
421 936 503 961 non
528 921 662 962 debes.
722 922 776 960 In
803 922 997 973 gratiam
1021 922 1101 965 τῶν
1121 918 1246 968 ξένων
1264 918 1342 956 illa
1365 921 1526 971 ψηφίσ-

69 997 173 1033 ματα
202 983 367 1032 εσνὶρια
396 986 529 1029 erant,
568 987 616 1018 ut
645 977 758 1017 illud
783 991 922 1029 nempe
936 977 1155 1028 proprium
1174 974 1322 1013 habere
1341 985 1523 1027 possent,

71 1036 186 1090 quod
195 1039 243 1075 in
260 1036 359 1076 urbe
375 1038 507 1090 positi
522 1044 577 1077 set
607 1049 656 1073 ez·
681 1035 849 1074 civibus
878 1033 1202 1076 Atheniensibus
1233 1035 1440 1082 emissent,
1477 1048 1527 1072 ne

71 1102 150 1132 aut
175 1093 228 1133 ab
258 1094 361 1133 aliie
381 1090 572 1147 δημόταις
589 1099 666 1131 aut
691 1091 918 1147 συγγενέσιν
933 1091 1073 1138 illius,
1105 1091 1179 1142 qm·
1197 1104 1284 1127 rem
1306 1105 1427 1129 suam
1443 1096 1527 1141 τοῖς

71 1152 199 1201 ξένοις
229 1150 495 1200 vendiderat,
537 1151 863 1189 controversiam
892 1156 969 1187 aut
995 1149 1228 1187 molestiam
1262 1155 1523 1198 paterentur.

73 1210 138 1247 ita
161 1221 314 1250 censeo.
372 1209 497 1250 Alias
516 1221 600 1246 non
618 1205 753 1256 video,
784 1206 890 1258 quid
908 1206 988 1244 illa
1001 1204 1122 1244 verba
1139 1204 1291 1243 Pollux
1305 1207 1524 1256 posuisset,

71 1263 201 1323 αὐτῷ,
226 1263 271 1304 id
284 1270 349 1306 εἶκε
365 1265 464 1322 ξένῳ
485 1268 542 1320 τῷ
563 1266 694 1315 δεῖνα,
725 1267 848 1303 cuius
868 1277 1014 1302 nomen
1034 1265 1080 1301 in
1096 1264 1328 1316 ψηφίσματι
1340 1264 1529 1315 positum

71 1332 178 1366 erat.
233 1328 343 1362 lune.

135 1427 138 1431 .
181 1383 255 1433 τῆς
278 1378 320 1422 δὲ
346 1379 532 1428 εἰσωνίας
551 1377 665 1431 etc.]
707 1378 873 1427 ἰσωνίας
899 1390 978 1431 pro
1008 1377 1193 1426 εἰσωνίας
1227 1375 1289 1417 Cl.
1311 1377 1530 1417 Kuehnias

69 1435 272 1477 restituit.

67 1499 77 1505 ’
148 1527 157 1533 .
185 1491 523 1546 ἆσπονδοποιοῦ]
563 1492 646 1531 Pro
675 1489 980 1535 ἆσπονδοποιοῦ
1003 1505 1026 1532 e
1046 1489 1186 1531 Mstis
1209 1491 1383 1545 reposui
1405 1485 1531 1534 ἄσπι-

69 1551 260 1594 δοποιοῦ.
290 1551 506 1592 consentit
523 1559 567 1590 et
598 1548 748 1589 Codex
772 1549 1115 1601 Falckenhurgii.

186 1610 230 1651 ἐν
245 1608 286 1650 δὲ
305 1614 389 1658 τοῖς
400 1605 586 1655 Ἀττικοῖς
606 1607 748 1660 ψηφ.]
779 1608 990 1659 Interpres
1010 1605 1115 1646 haec
1141 1604 1268 1644 verba
1288 1607 1395 1646 male
1420 1615 1531 1645 retu-

71 1663 125 1706 iit
143 1664 196 1706 ad
214 1666 407 1718 Lysiam,
441 1663 564 1719 quasi
586 1663 658 1704 ille
680 1666 934 1703 decretorum
954 1666 1194 1706 Atticorum
1214 1671 1364 1701 auctor
1384 1662 1529 1705 fuerit,

74 1721 188 1762 unde
210 1723 324 1762 infra
347 1722 391 1762 in
416 1721 559 1761 indice
580 1720 848 1775 Scriptorum
874 1731 995 1760 extat
1014 1722 1170 1768 Λυσίας
1189 1721 1228 1761 ἐν
1243 1715 1533 1773 Ἀττικοῖς-ψη·

73 1781 260 1832 φίσμασι.
318 1780 475 1820 Verum
494 1792 583 1818 non
613 1778 673 1817 ita
696 1788 771 1818 est.
835 1778 956 1833 Quot
970 1777 1083 1818 enim
1108 1786 1209 1816 sunt
1232 1775 1534 1830 psephismata,

76 1845 145 1875 tot
168 1836 295 1876 etiam
315 1851 460 1877 eorum
487 1845 588 1875 sunt
619 1845 838 1882 auctores,
877 1845 928 1874 ut
949 1850 1007 1875 ex
1035 1833 1138 1888 ipsis
1161 1833 1532 1887 psephismatibus‚

72 1907 184 1947 quae
202 1893 500 1933 Demosthenes
525 1902 567 1932 et
590 1892 665 1931 alii
685 1892 888 1942 afferunt,
928 1891 1078 1931 videre
1098 1900 1174 1935 est,
1207 1904 1346 1943 neque
1367 1900 1536 1930 constat

71 1959 217 1989 utrum
240 1951 395 2002 Lflias
415 1948 702 2003 psephismata
727 1949 948 2004 collegerit
969 1963 1116 1989 necne.
1149 1947 1202 1988 de
1223 1947 1404 2004 quodam
1430 1948 1538 1986 Cra-

77 2015 168 2046 tero
185 2005 232 2045 id
254 2015 414 2046 certum
441 2016 517 2047 est.
551 2005 642 2046 vid.
663 2006 776 2045 infra
800 2022 908 2056 v111,
939 2006 1029 2048 126.
1086 2012 1236 2045 Kussmv.

191 2063 258 2106 ἐπί
280 2080 318 2105 τι
336 2063 461 2117 μέγα]
492 2064 609 2102 Loco
628 2066 777 2116 magni
788 2064 991 2114 beneficii,
1022 2064 1088 2102 vel
1095 2065 1262 2114 magnis
1278 2064 1323 2100 in
1337 2059 1535 2116 rempubl.

80 2121 255 2161 collatis
283 2118 730 2169 benficiisssdabantur.
770 2136 867 2160 nam
892 2121 1133 2174 antiquitus
1153 2119 1436 2160 Athenienses
1460 2134 1539 2158 ne-

79 2178 187 2218 mini
207 2177 435 2232 peregrino
456 2176 696 2231 scribebant
717 2176 897 2217 honoris
921 2178 1058 2232 gratia
1080 2176 1256 2232 aliquod
1276 2174 1544 2231 psephisma,

80 2234 166 2275 nisi
187 2245 286 2276 ante
305 2247 459 2288 magno
485 2234 632 2287 aliquo
652 2233 859 2275 beneficio
874 2233 1148 2275 demeruisset
1162 2233 1364 2286 rempubl,
1395 2241 1538 2272 Kunnx.

126 2313 130 2316 ·
182 2293 258 2335 ’ἐπί
274 2310 311 2334 τι
331 2292 451 2347 μέγα]
492 2291 576 2330 Pro
604 2291 668 2332 ἐπί
695 2308 732 2332 τι,
756 2292 852 2345 μέγα
873 2290 1046 2346 quidam
1075 2291 1307 2330 amicorum
1335 2293 1540 2344 putatle-

81 2348 501 2403 ςοιιᾶυωέπιτίμημα.
532 2347 631 2386 dein
641 2356 739 2401 post
758 2344 889 2404 εὑρεῖν
901 2348 1192 2388 commaticam
1215 2346 1538 2387 distinctionem

82 2406 229 2459 posuit
244 2406 476 2445 Kuehnius.

196 2465 352 2505 οἰκείαν
373 2460 557 2514 ὄνησιν]
598 2460 818 2514 Propriam
838 2470 881 2502 et
901 2460 1158 2515 peculiarem
1180 2461 1220 2501 ei
1241 2474 1330 2500 esse
1353 2459 1542 2514 emptio·
1567 2466 1571 2470 '

77 2533 180 2559 -nem
197 2529 348 2560 certae
378 2518 540 2567 mercis,
563 2532 687 2571 quam
706 2518 942 2571 peregrinis
970 2519 1074 2558 alias
1098 2533 1184 2556 non
1205 2515 1362 2556 licebat
1384 2530 1459 2569 per
1478 2519 1543 2556 le-

85 2589 154 2630 ges
180 2589 316 2616 emere
334 2585 378 2615 et
402 2584 627 2627 exportare
645 2574 763 2626 urbe,
796 2575 878 2615 olei
902 2574 1109 2617 sc.Attici
1129 2585 1170 2613 et
1192 2572 1360 2612 ficuum.
1390 2572 1432 2611 in
1453 2588 1543 2625 pse·

83 2631 296 2686 phismate
321 2634 575 2687 ByzantinO,
613 2630 730 2686 quod
755 2641 873 2672 extat
893 2630 1010 2688 apud
1031 2631 1252 2671 Demosth.
1274 2629 1320 2668 in
1339 2630 1389 2668 de
1417 2629 1543 2670 Coro-
