1664 3016
114 123 198 165 764
707 117 831 159 VIII.
895 122 989 163 112.

114 233 272 275 Athen.
302 244 392 286 cap.
417 228 454 273 3.
513 229 595 271 Sed
619 230 657 270 si
677 230 743 270 illi
763 245 851 272 non
874 232 1002 272 alium
1026 246 1197 288 quoque
1219 231 1448 288 βεβαιωτην
1462 234 1577 274 acci-

113 291 252 344 piant,
283 303 363 343 ego
393 301 487 326 cum
517 297 664 328 nostro
697 289 794 331 MS.
830 289 1145 344 γυιαικοιόμους
1168 291 1313 340 potius
1334 293 1576 359 amplectar.

113 349 184 386 De
205 358 382 400 quorum
405 342 549 383 officio
571 347 718 384 saltem
741 345 846 386 haec
876 347 1123 387 Philochori
1151 347 1346 390 lib.V11.
1375 343 1578 397 Ἀτθίδος

115 401 334 442 adscribo:
365 405 404 443 οἱ
431 400 712 455 γυναικονόμοι
736 418 837 456 μετα
858 422 939 445 των
959 402 1259 469 Ἀρεοπαγιτῶν
1282 401 1479 448 ἐσκόπουν
1503 401 1577 454 τοῖς

112 462 154 502 ἐν
173 461 257 507 ταῖς
276 461 423 507 οἰκίαις
454 457 658 508 συνόδους,
692 457 732 500 ἔν
761 476 803 502 τε
832 461 912 509 τοῖς
937 459 1091 513 γάμοις,
1121 464 1190 504 καὶ
1215 478 1302 510 ταις
1326 461 1468 511 αλλαις
1489 468 1575 504 θυ-

113 518 234 564 σίαις.
265 524 366 554 sunt
393 528 441 555 ea
473 514 586 568 apud
612 516 875 555 Athenaeum
905 516 981 558 lib.
1006 517 1077 558 vl.
1113 517 1187 555 ubi
1211 528 1253 557 et
1278 518 1358 557 alia
1383 533 1435 558 ex
1463 519 1573 571 Lyn-

115 586 214 612 caeo
242 573 387 610 Samio
415 580 458 612 et
493 573 672 611 Timocle
704 581 828 628 atque
859 574 1090 613 Menandro
1104 573 1313 614 comicis.
1342 573 1415 615 sed
1448 572 1573 626 dicis,

115 629 187 668 ina
209 628 450 668 convivalia
474 643 598 670 mere.
647 629 710 668 lta
731 643 845 680 sane,
877 630 977 685 quia
1005 644 1052 670 ea
1077 629 1128 670 de
1161 643 1306 671 causan
1324 631 1574 673 Athenaeue

113 685 297 725 habebat
317 685 578 725 mentionem
597 685 760 726 facere:
795 684 846 725 de
871 686 1118 727 mulieribus
1137 685 1426 742 οἷκοσμουσαις,
1455 687 1573 727 undo

113 743 286 797 proprie
320 741 386 780 illi
421 741 526 781 dicti
559 741 774 794 videntur,
810 742 871 782 ibi
900 746 1020 784 locus
1052 742 1225 784 dicendi
1247 758 1334 784 non
1355 752 1458 786 erat.
1518 746 1574 786 Et

114 800 241 839 etiam
266 813 350 838 non
375 811 486 838 mere
515 799 739 839 convivale
763 798 950 839 officium
987 801 1246 840 ΡΙιίΙοοΙιονί
1254 799 1378 841 verba
1407 799 1571 841 dicunt.

113 857 171 896 Et
194 858 318 895 talem
345 854 535 911 ἄρχοντα,
563 854 855 910 γυναικονόμον
873 871 966 896 cum
987 856 1570 914 standardumiungitdriaetoe.

112 913 387 955 Politic.15.
434 912 546 952 sicut
576 922 618 952 et
651 917 964 968 γυναικονομιάν
995 924 1038 955 et
1079 916 1347 970 παιδονομίαν
1380 924 1570 955 extremo

111 969 207 1010 libr.
227 969 302 1011 VI.
323 969 499 1011 Politic.
509 968 591 1018 ubi
616 980 681 1010 et·
714 973 799 1013 ἰδία
819 970 861 1013 δὲ
884 974 969 1021 ιαῖς
990 972 1374 1040 σχολαστικωτέραις
1387 970 1455 1013 καὶ
1470 971 1571 1026 μᾶλ·

114 1032 182 1069 λον
200 1024 494 1080 εὐημερούσαις
513 1023 690 1077 πόλεσιι,
723 1027 780 1070 ἔτι
795 1030 838 1070 δὲ
856 1026 1163 1082 φροντιζούσαις
1180 1024 1412 1083 εὐκοσμίας,
1435 1043 1571 1094 γυναι-

113 1086 303 1137 κονομία,
333 1086 634 1137 νομοφυλακία,
663 1087 903 1139 παιδονομία
934 1095 1016 1126 etc.
1074 1086 1133 1125 Et
1169 1084 1282 1140 apud
1306 1085 1484 1138 Hesych.
1522 1082 1570 1124 in

110 1141 323 1191 πλατανος,
361 1140 407 1179 hi
432 1139 559 1180 iidem
577 1141 860 1197 γυναικονόμοι
882 1141 1160 1196 adpellantur.
1209 1144 1338 1182 Forte
1358 1141 1504 1208 itaque
1526 1149 1571 1182 et

110 1197 183 1237 hic
206 1200 296 1250 περῖ
324 1194 580 1252 γυναικόμων
610 1198 847 1252 legendum,
878 1208 921 1239 et
947 1210 1036 1238 tum
1066 1197 1354 1254 γυναικονόμοι
1375 1198 1419 1240 δὲ
1445 1195 1570 1254 ἄρχῃ,

113 1255 193 1308 (ita
215 1255 327 1294 enim
353 1263 498 1293 noster
516 1255 607 1295 MS.
638 1264 686 1293 ut
705 1254 825 1323 dixi)
856 1256 921 1299 ἐπὶ
951 1255 1020 1299 τοῦ
1045 1265 1124 1297 etc.
1180 1256 1313 1298 Imm.

221 1314 316 1363 περί
335 1308 668 1366 γυναικοκόσμων
687 1309 831 1366 α’ρχῶν.
840 1313 860 1367 ]
914 1314 1122 1352 Postellus
1141 1312 1192 1354 de
1211 1314 1318 1366 Rep.
1345 1311 1450 1354 Ath.
1473 1324 1565 1366 cap.

111 1366 177 1410 52.
209 1367 259 1408 de
288 1367 651 1419 Gynaecocomis.
693 1369 804 1420 Hos,
849 1370 1019 1424 inquit,
1045 1369 1186 1422 fuisse
1210 1370 1369 1423 viginti
1399 1382 1567 1409 numero

110 1425 261 1465 ecribit
283 1426 466 1466 Pollux.
496 1438 603 1479 quae
627 1426 731 1465 falsa
760 1437 873 1469 sunt
934 1427 1156 1479 Vu1gatam
1176 1435 1314 1467 autem
1335 1424 1566 1465 lectionem

110 1496 196 1521 non
225 1481 411 1530 mutavi,
453 1495 560 1536 quae
594 1482 699 1522 mihi
731 1496 828 1536 prae
863 1482 1038 1523 caeteris
1069 1485 1219 1537 placet.
1271 1480 1383 1522 idem
1423 1491 1565 1522 autem

112 1539 287 1579 omuino
312 1553 363 1579 ex
385 1538 519 1578 veteri
550 1540 775 1579 Atticismo
807 1539 1118 1609 γυναικοκόσμοι
1146 1549 1189 1579 et
1212 1535 1508 1608 γυναικονόμοι.

209 1593 560 1664 γυναικοκόσμοι]
631 1597 788 1638 Laced.
834 1594 1074 1666 ἄρμόσυνοι.
1127 1596 1304 1651 Hesych.
1349 1593 1568 1648 αρμόσυνοι

109 1648 219 1708 ἆρχῆ
248 1670 307 1702 τις
335 1655 376 1695 ἐν
411 1654 695 1706 Λακεδαίμονι
719 1656 787 1696 ἐπὶ
811 1653 883 1705 τῆς
900 1650 1115 1706 εὐκοσμίας
1135 1653 1213 1695 τῶν
1229 1653 1445 1707 γυναικοῖν.
1474 1651 1564 1694 vid.

109 1712 208 1750 Nic.
233 1709 360 1762 Crag.
394 1709 445 1748 de
466 1710 572 1763 Rep.
604 1711 761 1752 Laced.
792 1711 868 1756 lib.
893 1711 952 1751 II.
983 1725 1073 1764 cap.
1105 1724 1142 1765 7.
1199 1710 1299 1751 Snn.

222 1767 489 1822 ἐξετίθεσαν]
556 1769 782 1806 perionius
809 1767 923 1806 hunc
954 1768 1095 1806 locum
1130 1767 1188 1806 ita
1217 1766 1400 1820 accipit,
1442 1764 1565 1820 quasi

108 1826 264 1863 mulcta
285 1826 354 1863 illa
378 1824 661 1864 exerrantium
686 1824 907 1864 mulierum
929 1826 1066 1878 palam
1098 1823 1294 1863 exhibita
1313 1823 1370 1862 sit
1394 1823 1567 1876 platani

110 1881 268 1920 tabulis·
294 1881 551 1934 perscripta,
591 1879 664 1921 sed
695 1881 871 1934 .Hesyclz.
912 1884 1023 1919 clare
1051 1881 1154 1920 satis
1190 1880 1242 1920 ab
1271 1880 1364 1933 ipsa
1387 1882 1563 1933 platano

108 1937 339 1992 distinguit
365 1935 566 1988 λεύκωμα,
597 1938 754 1987 album,
791 1937 861 1976 cui
894 1938 1124 1990 inscriptae
1146 1940 1329 1977 mulctae
1350 1950 1564 2004 propone-

107 1993 264 2033 bantur
290 1993 341 2032 ad
362 2005 515 2034 certam
535 1998 751 2048 platanum
779 1993 824 2033 in
852 1993 1064 2033 Ceramico
1085 1995 1221 2042 sitam,
1254 1994 1309 2033 in'
1329 2006 1436 2034 voce
1462 1988 1565 2035 πλοί-

106 2067 238 2098 tum?-
297 2050 478 2090 Komm-

220 2108 474 2161 Κεραμικῶ]
511 2107 605 2146 MS.
635 2107 896 2176 Κεραμεικοῦ·
929 2117 971 2146 et
985 2105 1364 2161 sicpotiusscribe.
1381 2106 1562 2159 Hesych.

107 2162 373 2232 Κεραμεικὸς,
410 2163 530 2211 τόπος
569 2160 801 2233 Ἀθήνῃσιν
834 2163 936 2207 ἔνθα
980 2170 1023 2207 αἱ
1061 2163 1209 2219 πόρναι
1245 2175 1562 2232 προεστηκεσαν·

107 2225 190 2264 εἰσὶ
210 2224 252 2264 δὲ
271 2218 342 2265 δύο
359 2223 621 2275 Κεραμεικοῖ,
653 2221 676 2264 ό
692 2223 766 2274 μὲν
784 2222 857 2273 ἔξω
878 2224 1051 2276 τείχους,
1081 2222 1103 2264 ο’
1122 2224 1164 2264 δὲ
1186 2218 1307 2270 ἐντός.
1365 2220 1436 2259 De
1468 2222 1564 2288 pla-

108 2290 211 2318 tano
233 2277 343 2318 idem
367 2278 623 2330 Hesychius:
654 2278 867 2329 πλάτανος,
895 2280 1071 2333 δένδρον,
1100 2296 1205 2334 προς
1224 2277 1248 2321 ὃ
1265 2282 1304 2321 οι
1330 2271 1564 2331 γυναικονό-

107 2353 177 2390 μοι
196 2354 267 2384 τας
286 2338 463 2388 ζημίας’
444 2354 486 2379 εν
504 2332 728 2387 λευκώματι
744 2337 993 2386 ἐξετίθεσαν,
1011 2335 1096 2375 vid.
1109 2346 1151 2376 et
1174 2335 1565 2387 Harpocrationcm

107 2403 150 2433 et
180 2393 416 2446 Etymolog.
455 2392 500 2430 in
529 2396 776 2446 Κεραμεικοι
816 2402 858 2432 et
890 2395 1080 2435 Pausan.
1115 2394 1278 2433 Atticis
1347 2391 1450 2429 Post
1480 2389 1564 2429 hoo

106 2449 397 2489 vocabulum
387 2464 430 2487 m
452 2449 548 2489 MS.
580 2463 737 2488 novum
759 2459 925 2500 tmema,
957 2464 1048 2488 cum
1072 2450 1154 2490 hoc
1182 2449 1335 2488 titulo.
1373 2450 1425 2489 Οἱ
1442 2448 1564 2489 Εἰ·κο

108 2523 186 2549 σιν.
216 2515 366 2545 tmema
396 2505 577 2559 incipit:
607 2504 772 2555 τούτους
793 2511 861 2548 tv..
922 2507 1047 2549 Imm.

219 2561 321 2616 μετα
348 2581 426 2604 των
452 2561 690 2615 τοιακοντα]
739 2562 788 2602 C.
820 2565 869 2604 V.
912 2563 1013 2616 μειοῖ
1044 2581 1134 2612 τους
1157 2577 1371 2629 τριακοντα
1392 2559 1461 2611 τῆς
1484 2576 1565 2603 πο-

108 2623 256 2669 λιτείας
279 2621 345 2662 καὶ
369 2622 445 2662 τῶν
466 2621 601 2672 νόμων
622 2617 862 2673 ἐπιμεληῑας
889 2620 1108 2676 αρισΙηὸην
1133 2617 1424 2672 ἐπιλεξαμενοι·
1455 2630 1564 2672 quae
