1664 3016
699 126 820 169 VIII.
883 131 977 173 134.
1497 127 1580 174 82⁷

118 230 189 287 nic
207 235 393 293 ψιάθους
415 242 611 295 appellat.
639 254 691 281 ex
711 241 759 284 C.
792 241 843 287 A.
874 242 1029 297 legeris
1043 239 1210 298 ’ψιάθια
1230 244 1312 286 ἴδια
1328 250 1406 283 ete.
1436 242 1577 284 Gloss.

117 297 293 351 ψίαθος,
332 297 467 350 Tege-s,
499 299 659 337 Matta.
721 298 896 340 Kmtmt.

228 349 420 407 ψιᾶθια]
462 353 554 396 MS.
585 353 744 407 ψιαθῖα
774 358 887 405 ἰδίως
903 350 1162 408 ω’νομιῖζεται.
1219 356 1280 395 Et
1299 355 1362 395 sic
1381 358 1579 411 supplere

120 421 366 463 possumus:
397 409 458 448 ita
490 419 629 451 tamen
651 421 700 450 ut
725 410 884 463 ψιιίθια
902 422 1283 466 proparoxytonms
1305 412 1575 452 retineamus.

120 465 379 519 Hesychius:
408 465 591 519 ψιάθια,
625 465 674 510 zoi
705 471 749 512 ἐν
777 471 860 519 τοῖς
892 471 1169 524 δικαστηρίοις
1187 470 1349 513 ἐπὶτῶν
1364 470 1580 524 καθιδρῶν

118 521 449 578 &suropo-tipum.
507 525 639 565 Imm.

231 577 415 634 ψιάθια]
447 580 517 620 Sic
547 591 589 620 et
618 583 662 621 in
693 582 895 623 ditiorum
929 581 1125 622 domibus
1158 582 1300 622 mattis
1332 581 1576 636 pavimenta

121 635 210 692 tegi
241 636 372 676 moris
407 647 509 685 erat,
542 639 615 693 qui
642 639 752 680 idem
786 640 990 680 hactenus
1021 654 1113 678 cum
1135 640 1226 693 ipsa
1248 653 1353 679 voce
1375 649 1575 684 remanet,

121 693 434 748 confectaeque
459 705 579 733 erant
604 694 682 736 hae
699 706 859 752 tegetes
881 712 933 737 ex
954 696 1095 734 iuncis
1119 710 1167 735 ac
1189 696 1355 749 scirpis,
1382 696 1446 734 uti
1468 695 1576 747 legis

121 749 236 804 apud
268 752 442 802 Festum
477 751 522 789 in
547 752 737 804 Scir-pus:
768 753 841 793 sed
863 752 1082 794 exundans
1106 752 1276 791 luxuria
1296 782 1307 799 ‚
1342 750 1459 806 quod
1483 751 1579 791 obi—

122 812 189 847 ter
209 806 442 857 intersero,
473 817 635 862 tapetes
659 823 832 864 quoque
864 809 1122 863 pavimentis
1148 809 1382 849 insternere
1411 807 1576 849 docuit.

121 863 351 904 meminere
379 864 497 904 illius
525 866 587 905 rei
614 865 727 905 haud
761 881 855 906 raro
892 868 1058 913 Patres3
1088 868 1131 907 ἕν
1162 863 1310 914 τάπησι
1326 866 1577 914 περιπατεῖν,

122 920 343 959 Basiliusz
373 923 476 975 quin
507 922 633 962 etiam
666 922 843 962 honoris
863 937 963 978 ergo
989 936 1161 976 peregre
1186 922 1456 962 venientibus
1478 922 1579 960 illu-

123 976 291 1016 strioris
310 977 513 1018 fortunae
536 978 786 1018 hominibus
806 989 969 1032 tapetes
990 978 1203 1017 substerni
1223 976 1429 1026 solebant,
1449 977 1578 1016 sicuti

123 1033 175 1072 in'
190 1033 396 1087 Aeschyli
415 1035 730 1086 Agamemnone
744 1037 939 1075 maritum
964 1045 1062 1090 post
1083 1033 1225 1073 decem
1250 1047 1385 1073 annos
1411 1033 1578 1072 demum

124 1090 326 1130 confecto
361 1090 474 1131 bello
519 1094 696 1131 Troiano
738 1092 935 1132 reducem
966 1091 1190 1144 purpureis
1219 1090 1432 1144 tapetibus
1464 1090 1579 1128 ince-

123 1145 292 1187 dentem
315 1146 443 1187 domo
479 1149 645 1203 excipit
676 1149 997 1202 Clytemnestra;
1028 1158 1069 1186 et
1100 1147 1311 1187 concinne
1341 1146 1580 1186 mellitissi-

123 1217 214 1242 mus
247 1204 556 1256 Tryphiodorus
585 1205 637 1246 de
666 1220 777 1260 equo
802 1207 1022 1255 Durateo,
1053 1218 1178 1257 quem
1209 1203 1406 1243 omnibus
1432 1202 1579 1242 hono-

122 1260 183 1300 ris
204 1261 591 1316 gratulationisque
610 1261 746 1318 signis
769 1262 1041 1316 excipiebant
1070 1263 1272 1300 Troiani.-

292 1317 410 1360 ἄλλαι
439 1321 483 1360 δὲ
509 1317 729 1374 χνοᾶεσσαν
755 1317 1022 1374 α’μελγὸμεναι
1052 1314 1169 1372 χάριν
1199 1317 1371 1372 ὄμβρου,

293 1372 405 1430 ὄλκῷ
433 1377 633 1431 δουρατὲῳ
660 1378 823 1430 ῥὀδέους
856 1377 1095 1426 στορέσαντο
1123 1371 1316 1423 τάπητας.

123 1431 216 1471 Illis
238 1441 378 1472 autem
410 1433 651 1487 tegetibus,
683 1433 766 1473 hoc
795 1433 908 1474 enim
929 1435 972 1474 ἐν
997 1429 1166 1485 παρόδῳ
1186 1430 1337 1470 addere
1355 1429 1497 1474 licen·
1530 1428 1578 1469 31¹

124 1488 295 1528 lectulis
326 1490 415 1528 suis
444 1493 730 1545 stragulorum
764 1493 861 1530 loco
892 1489 1142 1544 pauperculi
1172 1486 1416 1527 utebantur.
1446 1488 1580 1526 lave-

125 1547 215 1589 nal.
246 1548 335 1587 Sat.
366 1546 441 1586 VI.

296 1617 407 1642 ausa
429 1603 628 1656 palatino
660 1612 832 1654 tegetem
857 1602 1067 1655 praeferre
1098 1599 1244 1640 cubili.

126 1658 194 1699 Ad
225 1673 350 1714 quem
374 1662 516 1699 locum
554 1660 766 1700 videndus
806 1661 1074 1710 Scholia-sto,
1116 1657 1192 1711 qui
1220 1665 1263 1697 et
1289 1663 1449 1694 mattae
1490 1653 1577 1694 dici

127 1714 324 1758 affirmat.
381 1716 557 1756 Ascetae
586 1728 800 1771 praeterea
831 1715 1068 1757 Christiani
1084 1714 1152 1753 his
1176 1712 1342 1753 amiciri
1362 1710 1579 1763 solebant3

128 1783 176 1812 ut
197 1773 310 1813 euim
333 1773 378 1812 in
404 1774 624 1822 omnibus,
652 1774 715 1814 sic
736 1775 780 1813 in
806 1774 964 1814 vestitu
985 1771 1212 1826 praecipue
1241 1784 1292 1809 ex
1314 1769 1480 1808 vilitate
1503 1767 1581 1806 ali-

128 1844 253 1884 quam
274 1829 412 1870 laudis
435 1845 576 1870 auram
606 1830 690 1871 hoo
710 1831 931 1870 hominum
960 1843 1092 1884 genus
1114 1826 1370 1878 venabaturz,
1399 1834 1447 1863 ut
1474 1823 1582 1863 anti·

129 1887 276 1941 quitus
306 1886 419 1940 apud
448 1887 660 1928 Ethnicos
699 1887 814 1927 haud
841 1887 967 1941 pauci
1007 1885 1180 1925 nomine
1214 1882 1346 1937 magis
1380 1895 1504 1935 quam
1535 1894 1581 1919 re

128 1943 397 1997 philosophi.
438 1943 488 1984 de
523 1946 740 1998 plerisque
777 1955 889 1985 certe
920 1944 1002 1983 hoc
1036 1952 1131 1982 tuto
1167 1939 1421 1979 adseramus.
1466 1936 1581 1991 apud

129 2001 347 2039 Moschum
370 2002 515 2056 itaque
535 2001 653 2043 Prat.
685 2003 908 2056 Spiritual.
940 2006 979 2051 9.
1011 1998 1077 2040 66.
1117 1995 1275 2037 mentio
1297 1994 1344 2033 fit
1366 1997 1582 2048 ἐπιριπτα-

129 2060 221 2110 ρίου
257 2055 340 2100 α’πὸ
367 2061 570 2113 ψιαθίου·
611 2063 787 2098 consule
821 2072 995 2112 quoque
1028 2054 1273 2096 Palladium
1294 2051 1411 2092 Hist.
1445 2053 1579 2116 {aus-5.

129 2116 179 2155 In
211 2113 399 2154 Pollucis
435 2126 572 2155 autem
603 2115 740 2154 nostri
768 2115 852 2155 hoc
880 2118 976 2154 loco
1005 2112 1151 2152 nescio
1180 2124 1232 2149 an
1255 2122 1342 2148 non
1375 2122 1504 2160 magns
1526 2116 1583 2145 sit

129 2170 350 2225 probanda
388 2170 436 2213 C.
465 2172 513 2215 A.
549 2172 771 2212 emendata
801 2171 930 2212 lectio
962 2173 1028 2214 ἐπὶ
1055 2169 1128 2212 ’τοῦ
1153 2170 1287 2217 ἕδους,
1317 2164 1507 2218 quamvis
1539 2172 1583 2202 et

129 2231 303 2283 vulgata
329 2228 439 2268 idem
476 2232 615 2269 valere
640 2229 823 2269 forsitan
849 2228 1002 2283 possit.
1061 2226 1115 2265 In
1144 2223 1306 2264 Codice
1326 2235 1425 2260 vero
1453 2221 1586 2258 Falc-

129 2286 348 2340 kenburgii
375 2296 472 2327 ante
514 2283 765 2342 ἀνδροφόνος
804 2285 955 2325 titulus
995 2280 1211 2339 praecedit
1242 2279 1346 2318 hic:
1378 2280 1486 2331 Περὶ
1516 2275 1581 2319 ἂν·

129 2339 353 2400 δροᾳόνων.

135 2415 137 2417 ’
812 2403 906 2445 134.

241 2457 308 2500 ἐπὶ
326 2457 369 2500 δὲ
387 2456 567 2510 τούτοις]
598 2457 696 2499 MS.
715 2456 874 2500 τούτου.
934 2461 1016 2496 SER-

244 2515 310 2557 ἐπὶ
331 2515 374 2558 δὲ
390 2515 575 2568 τούτοις]
610 2516 654 2556 C.
676 2517 724 2555 A.
747 2517 811 2557 ἐπὶ
835 2516 876 2558 δὲ
895 2512 1037 2557 τούτου
1068 2518 1146 2550 etc·
1204 2513 1347 2545 KUF-E'N·

245 2573 310 2613 ἐπὶ
332 2573 373 2615 δὲ
388 2571 569 2628 τούτοις]
600 2574 695 2614 MS.
726 2583 892 2613 noster:
934 2572 997 2614 ἐπὶ
1028 2567 1068 2609 δὲ
1097 2561 1264 2628 τούτου.)
1295 2563 1325 2604 ἒ·
1358 2560 1473 2616 ‘1¹³⁰‘l
1494 2575 1581 2601 ”⁰¹¹

133 2627 347 2682 displicet,
381 2645 509 2685 quum
534 2641 576 2671 et
596 2631 735 2670 Seberi
753 2637 1024 2683 Augustanus
1051 2628 1302 2663 consenuat.
1361 2625 1470 2660 que.
