1664 3016
657 112 778 154 VIII·
842 116 936 159 108.
1455 114 1538 155 753

75 236 189 282 quae
220 225 323 265 Diis
359 224 475 265 urbis
513 225 768 265 tutelaribus
805 226 989 279 mystico
1023 225 1112 265 ritu
1158 225 1339 277 fiebant,
1377 225 1536 293 illaque

75 283 213 324 fuisse
229 282 486 322 telesmatica
505 291 629 335 puto,
658 297 740 338 qua
754 281 807 323 de
825 297 871 323 re
894 283 1010 323 alias.
1041 281 1183 323 eadem
1205 296 1375 338 quoque
1400 280 1538 337 α’πορ-

75 342 194 394 ῥητοι
211 341 283 382 καὶ
301 339 488 394 μυστικοὶ
510 342 746 394 ἱερουργίαι,
777 353 941 379 arcana
960 350 1004 381 et
1025 343 1205 394 mystica
1231 353 1371 379 sacra.
1435 341 1538 378 Tur·

76 396 133 436 ba
150 404 350 437 ueroeam
381 394 561 434 cererem
578 395 851 449 frequentat:
880 397 1041 436 Seneca
1075 396 1120 434 in
1136 395 1325 435 *Hercule
1340 396 1536 436 Furente.

75 451 191 494 Vide
218 448 422 493 Noctium
442 449 519 492 lib.
546 466 589 490 x.
625 467 715 507 cap.
745 453 914 493 ultimo.
975 453 1385 506 [Falckenburgiani
1407 451 1539 492 Codi-

77 509 140 551 cis
158 508 290 553 lectio
307 524 375 551 ται
396 524 450 562 ρα
462 510 533 550 καὶ
551 506 674 551 αὗται
691 508 808 549 aliud
831 508 936 563 quid
967 510 1011 548 in
1041 523 1085 548 se
1112 507 1283 549 videtur
1302 508 1538 557 continere,

75 579 200 623 quum
217 563 334 621 quod
356 579 437 620 ego
460 566 723 606 coniectavi.
762 565 900 606 obiter
925 565 1029 606 baec
1049 580 1139 606 mea
1167 565 1410 605 revolventi
1441 579 1540 604 suc-

78 620 214 662 currit
228 637 300 664 ται
317 637 371 675 ρα
398 623 467 664 καὶ
480 621 661 662 forsitan
694 638 746 664 ex
769 625 947 677 Γιραραὶ
975 636 1065 662 esse
1094 630 1357 675 corruptum,
1405 635 1538 676 eaque

74 676 245 720 ratione
267 677 419 719 titulus
449 678 485 717 is
515 688 626 718 esset
655 679 701 718 in
732 679 870 733 primo
903 679 1070 732 positus
1102 692 1222 725 casu,
1264 678 1540 732 quemadmo-

75 733 176 775 dum
195 737 236 785 0.
262 746 354 776 101.
414 734 624 790 Πάρεδροι
642 736 687 775 in
711 736 830 776 MSS.
862 733 1207 780 inveniebantur,
1245 744 1428 788 aquea
1459 742 1558 773 uo-'

75 790 145 830 bis
164 800 266 830 sunt
282 792 486 832 restituti.
515 790 600 832 hoc
620 791 790 847 quidem
820 793 857 831 si
888 791 1110 846 placuerit,
1152 791 1291 830 omnis
1318 799 1541 831 evanescet

75 847 366 888 mutilationis
388 848 593 901 suspicio,
626 849 671 887 iu
692 862 817 903 quam
837 863 902 889 me
929 848 1009 887 ista
1042 845 1218 888 Codicis
1245 847 1433 887 lectione
1464 846 1542 886 in—

77 903 254 944 ductum
272 917 364 946 esse
379 905 547 958 scripsi.
606 905 675 944 Ex
702 905 953 958 Addendie]

191 962 392 1015 θεωρίας]
430 961 533 1001 Non
565 961 754 1015 explicat
784 961 911 1001 nobis
942 961 1158 1014 Sigonius.
1219 958 1303 999 Sed
1333 959 1427 998 sine
1461 957 1542 997 du-

76 1016 150 1058 bio
183 1016 393 1074 intelligit
417 1021 588 1059 alteram
614 1017 944 1069 solemnitatem,
978 1031 1102 1072 quam
1132 1029 1306 1071 quoque
1338 1014 1544 1055 curabant

76 1073 160 1115 hae
181 1074 394 1126 mulieres,
425 1089 516 1115 eam
539 1075 742 1114 nimirum
764 1075 844 1119 τῶν
864 1076 1085 1128 θεογνίων·
1116 1083 1167 1112 ut
1186 1082 1304 1125 patet
1322 1086 1376 1112 ex
1410 1072 1544 1115 iuris-

77 1129 251 1171 iurandi
271 1131 524 1186 recitatione
549 1128 630 1172 τῶν
647 1131 824 1186 γεραρῶν
846 1130 892 1170 iu
917 1130 1212 1170 Demosthenis
1230 1128 1441 1168 Oratione
1472 1146 1541 1171 κα·

74 1185 130 1232 20?
142 1189 352 1243 Νεαίρας·
381 1191 452 1231 καῖ
469 1186 522 1230 τοὶ
542 1187 725 1240 θεόγνια,
756 1186 1063 1242 καῖἽοβακχεῖα
1085 1189 1258 1241 γεραίρω
1284 1190 1343 1240 τῷ
1356 1183 1542 1241 Διονύσῳ

77 1242 182 1289 aava?
198 1243 249 1288 ui
267 1243 419 1299 πάτρια
434 1248 504 1287 καὶ
529 1247 573 1288 ἐν
592 1247 679 1294 τοῖς
696 1243 929 1295 καθήκουσι
948 1242 1124 1301 χρόνοις.
1153 1249 1255 1283 Iunc.
1523 1273 1527 1276 -

189 1302 405 1356 θεωρίας.]
432 1300 523 1356 μετ’
550 1301 676 1351 ἄλλης
703 1304 899 1355 θεωρίας,
939 1301 1153 1349 nimirum,
1194 1298 1336 1354 inquit
1366 1299 1543 1350 Iunger-

77 1373 258 1398 mannus
290 1367 460 1409 noster,
502 1363 583 1401 τῶν
620 1361 837 1413 θεογνίων·
890 1358 1009 1411 atqui
1037 1353 1226 1410 θιόγνια,
1272 1369 1350 1407 pro
1386 1356 1542 1410 quibus

75 1418 238 1460 θεοίνια
258 1413 374 1468 apud
396 1416 721 1455 Demosthenem
751 1429 911 1469 repone
947 1413 1094 1467 potius
1131 1427 1184 1452 ex
1202 1413 1546 1463 Harpocratione

76 1482 120 1514 et
150 1472 385 1524 Hesychia,
419 1482 462 1510 et
489 1471 716 1526 Ἰοβακχεῖα
745 1481 923 1527 utraque
955 1479 1076 1510 eraut
1107 1469 1180 1508 illa
1216 1468 1393 1522 ἄρ’ᾇητα,
1436 1483 1545 1522 quae

77 1528 190 1569 dicit
208 1529 376 1580 Pollux,
408 1527 520 1580 ἱερά·
552 1529 694 1568 minus
719 1542 819 1583 ergo
841 1529 948 1567 bene
974 1541 1046 1580 per
1065 1525 1188 1575 ἄλλην
1207 1528 1392 1578 θεωρίαν
1411 1525 1546 1569 ,intel-

76 1585 211 1641 ligere
233 1585 340 1625 velis
372 1588 561 1628 θεοίνια·
609 1600 719 1640 quae
744 1584 922 1638 itaque?
964 1584 1173 1637 integram
1200 1581 1327 1621 nobis
1361 1581 1546 1621 servavit

77 1642 309 1684 lectionem
331 1643 513 1696 priscam
537 1640 683 1683 Codex
700 1641 1042 1694 Falckenburgii‚
1076 1639 1150 1693 qui
1171 1653 1248 1692 pro
1268 1640 1452 1691 θεωρίας
1472 1637 1545 1676 ha-

76 1697 152 1739 bet
171 1700 344 1753 ἔερεῖαςς
384 1700 557 1752 optime,
595 1698 815 1739 mehercle.
868 1697 1069 1737 docemur
1105 1695 1238 1748 igitur
1265 1710 1318 1734 ex
1346 1695 1428 1734 hoc
1445 1695 1548 1732 I’ol-

78 1753 189 1795 lucis
207 1758 321 1806 loco,
355 1755 472 1809 quod
493 1771 545 1795 an
567 1754 738 1795 aliunde
769 1755 876 1795 scire
894 1755 1023 1793 liceat
1045 1751 1222 1801 dubito,
1256 1751 1329 1790 has
1351 1746 1546 1806 γεραιροῖς

80 1811 326 1852 adiunctam
364 1812 447 1851 sibi
486 1812 685 1852 habuisse
722 1810 982 1851 sacerdotem
1018 1809 1165 1858 aliam,
1207 1821 1289 1860 qua
1323 1817 1545 1861 praesente

79 1883 195 1908 sacra
223 1867 328 1908 haec
350 1869 526 1922 mystica
548 1877 811 1924 peragerent.
852 1867 1005 1906 melius
1026 1865 1131 1905 haec
1152 1873 1194 1904 et
1212 1864 1385 1903 felicius
1409 1863 1546 1903 erudi·

79 1925 117 1965 ti
137 1923 384 1979 expedient,
417 1925 543 1964 nobis
572 1926 686 1964 enim
726 1923 1034 1964 festinantibus
1066 1920 1284 1974 inquirere
1314 1935 1400 1960 non
1431 1920 1543 1961 licet.

193 1980 341 2035 οὔσας]
377 1981 425 2022 C.
449 1982 497 2026 A.
523 1979 636 2031 ὅσας,
674 1984 797 2022 male.
827 1980 1013 2034 Hesych.
1046 1974 1217 2032 α’ριθμῷ
1249 1978 1546 2030 δεκατέσσαρες.

78 2046 224 2081 Kumm.

193 2096 288 2152 περὶ
306 2095 554 2150 δημάρχων.]
587 2093 632 2136 G.
656 2095 709 2135 V.
742 2095 896 2136 iterum
927 2091 1151 2148 δήμαρχοι·
1183 2091 1235 2132 de
1252 2090 1408 2146 quibus
1430 2090 1548 2132 Suid.

82 2161 126 2193 et
146 2153 332 2192 Pliavor.
354 2167 410 2192 ex
429 2153 617 2191 scholiis
640 2152 853 2203 Aristoph,
874 2153 919 2191 in
940 2151 1091 2192 Nubes.
1114 2148 1190 2188 ubi
1221 2158 1263 2189 et
1293 2162 1416 2188 causa
1451 2146 1548 2187 red-

84 2209 216 2260 ditur,
245 2223 320 2249 cur
340 2208 517 2262 Hesyclz.
537 2206 743 2263 δήμαρχον
766 2208 916 2248 reddat
933 2206 1004 2250 τόν
1025 2201 1307 2262 ἕνεχυρασιήν.
1334 2211 1484 2242 Κυειω.

194 2268 289 2322 περῖ
310 2263 560 2336 δημάρχωνᾉ]
591 2266 764 2304 Titulus
792 2265 837 2303 in
874 2266 967 2305 MS.
996 2261 1211 2319 δήμαρχοι.
1251 2271 1402 2301 tmema
1433 2259 1548 2297 inci-

80 2322 149 2377 pit
172 2322 224 2362 ab
245 2327 299 2372 οἶ,
330 2323 487 2362 omisso
507 2339 630 2365 ουτοι.
691 2322 762 2360 De
783 2319 1021 2362 demarchis
1051 2320 1138 2359 vid.
1169 2317 1314 2369 Sigon.
1350 2315 1447 2356 libr.
1479 2331 1545 2356 ιν.

83 2379 137 2418 de
155 2381 264 2434 Rep.
290 2379 444 2420 Athen.
475 2393 567 2433 cap.
595 2390 632 2419 2.
662 2387 705 2418 et
727 2379 957 2418 ‘Nunnium
989 2377 1131 2417 obiter
1166 2389 1275 2413 vnx.
1308 2372 1483 2411 miscell.
1514 2387 1547 2412 1.

85 2449 194 2489 quae
213 2435 340 2476 etiam
367 2437 563 2489 Sigonius
581 2449 749 2474 suarum
777 2434 985 2474 emendat.
1018 2431 1142 2472 'libris
1175 2428 1358 2468 inseruit
1386 2427 1461 2469 lib.
1494 2443 1546 2468 11.

86 2505 181 2546 cap.
202 2490 269 2533 62.
291 2491 378 2532 vid.
400 2503 443 2532 et
461 2498 547 2535 lac.
573 2492 713 2533 Nicol.
737 2506 804 2530 rx.
827 2490 1039 2545 Epiphill.
1066 2488 1128 2529 16.
1161 2492 1272 2527 Iunc.

197 2549 291 2605 περὶ
319 2547 559 2603 δημάρχωη]
590 2546 800 2602 δήμαρχοι,
844 2548 1005 2586 tribuni
1034 2544 1170 2597 plebis
1198 2542 1244 2581 in
1268 2542 1428 2581 Glossis
1462 2542 1548 2581 alio

83 2618 227 2655 sensu,
259 2603 514 2661 diversoque
539 2606 655 2648 vocis
692 2619 792 2648 usu:
841 2603 891 2644 de
923 2603 991 2643 his
1024 2611 1161 2642 autem
1197 2599 1355 2638 nostris
1389 2598 1548 2639 demar-

130 2671 257 2705 Pollux
282 2671 365 2710 Vol.
394 2674 440 2710 V;
1160 2667 1192 2706 B
1212 2665 1275 2704 bb
